@inproceedings{Ding14,
   author = {Ding, Shouguo and Wang, Jun and Xu, Xiaoguang and Spurr, Robert},
   title = {Retrieval of optical depth and vertical distribution of atmospheric aerosols from light intensity and polarization in O2A and O2B bands},
   year = {2014},
   booktitle = {2014 AGU Fall Meeting},
   type = {Conference Proceedings}
}

@inproceedings{Hou14,
   author = {Hou,Weizhen and Wang, Jun and Xu, Xiaoguang and Ding, S. and Han, D. and Leitch, J. and Delker, T. and Chen, G.},
   title = {An algorithm for simultaneous inversion of aerosol properties and surface reflectance from airborne GeoTASO hyperspectral data},
   year = {2014},
   booktitle = {2014 AGU Fall Meeting},
   type = {Conference Proceedings}
}

@inproceedings{Han14,
   author = {Han, Dong and Wang, Jun and Xu, Xiaoguang and Hou, W. and Chen, L.},
   title = {Application of GOSAT TANSO-CAI observations for aerosol optical depth retrieval and surface PM2.5 air quality monitoring},
   year = {2014},
   booktitle = {2014 AGU Fall Meeting},
   type = {Conference Proceedings}
}

@article{Eck10,
   author = {Eck, T. F. and Holben, B. N. and Sinyuk, A. and Pinker, R. T. and Goloub, P. and Chen, H. and Chatenet, B. and Li, Z. and Singh, R. P. and Tripathi, S. N. and Reid, J. S. and Giles, D. M. and Dubovik, O. and O'Neill, N. T. and Smirnov, A. and Wang, P. and Xia, X.},
   title = {Climatological aspects of the optical properties of fine/coarse mode aerosol mixtures},
   journal = {Journal of Geophysical Research: Atmospheres},
   volume = {115},
   number = {D19},
   pages = {D19205},
   ISSN = {2156-2202},
   year = {2010},
   type = {Journal Article}
}

@article{Eck12,
   author = {Eck, T. F. and Holben, B. N. and Reid, J. S. and Giles, D. M. and Rivas, M. A. and Singh, R. P. and Tripathi, S. N. and Bruegge, C. J. and Platnick, S. and Arnold, G. T. and Krotkov, N. A. and Carn, S. A. and Sinyuk, A. and Dubovik, O. and Arola, A. and Schafer, J. S. and Artaxo, P. and Smirnov, A. and Chen, H. and Goloub, P.},
   title = {Fog- and cloud-induced aerosol modification observed by the Aerosol Robotic Network (AERONET)},
   journal = {Journal of Geophysical Research: Atmospheres},
   volume = {117},
   number = {D7},
   pages = {D07206},
   ISSN = {2156-2202},
   year = {2012},
   type = {Journal Article}
}

@article{Haywood00,
   author = {Haywood, James and Boucher, Olivier},
   title = {Estimates of the direct and indirect radiative forcing due to tropospheric aerosols: A review},
   journal = {Rev. Geophys.},
   volume = {38},
   number = {4},
   pages = {513-543},
   ISSN = {8755-1209},
   url = {http://dx.doi.org/10.1029/1999RG000078},
   year = {2000},
   type = {Journal Article}
}

@article{Ramanathan01,
author = {Ramanathan, V. and Crutzen, P. J. and Kiehl, J. T. and Rosenfeld, D.}, 
title = {Aerosols, Climate, and the Hydrological Cycle},
volume = {294}, 
number = {5549}, 
pages = {2119-2124}, 
year = {2001}, 
URL = {http://www.sciencemag.org/content/294/5549/2119.abstract}, 
journal = {Science} 
}

@book{vandeHulst81,
   author = {van de Hulst, H. C. },
   title = {Light Scattering by Small Particles (Dover edition)},
   publisher = {Dover Publications},
   address = {Mineola, New York},
   year = {1981},
   type = {Book}
}

@article{Mishchenko96,
   author = {Mishchenko, Michael I. and Travis, Larry D. and Mackowski, Daniel W.},
   title = {T-matrix computations of light scattering by nonspherical particles: A review},
   journal = {Journal of Quantitative Spectroscopy and Radiative Transfer},
   volume = {55},
   number = {5},
   pages = {535-575},
   ISSN = {0022-4073},
   year = {1996},
   type = {Journal Article}
}

@article{Mishchenko97,
   author = {Mishchenko, Michael I. and Travis, Larry D.},
   title = {Satellite retrieval of aerosol properties over the ocean using polarization as well as intensity of reflected sunlight},
   journal = {J. Geophys. Res.},
   volume = {102},
   number = {D14},
   pages = {16989-17013},
   ISSN = {0148-0227},
   url = {http://dx.doi.org/10.1029/96JD02425},
   year = {1997},
   type = {Journal Article}
}

@article{Mishchenko98,
   author = {Mishchenko, Michael I. and Travis, Larry D.},
   title = {Capabilities and limitations of a current FORTRAN implementation of the T-matrix method for randomly oriented, rotationally symmetric scatterers},
   journal = {Journal of Quantitative Spectroscopy and Radiative Transfer},
   volume = {60},
   number = {3},
   pages = {309-324},
   ISSN = {0022-4073},
   year = {1998},
   type = {Journal Article}
}

@book{Mishchenko02,
   author = {Mishchenko, Michael I. and Travis, Larry D. and Lacis, A. A.},
   title = {Scattering, Absorption, and Emission of Light by Small Particles},
   publisher = {Cambridge University Press},
   address = {Cambridge, UK},
   year = {2002},
   type = {Book}
}

@article{Mishchenko04,
   author = {Mishchenko, Michael I. and Cairns, Brian and Hansen, James E. and Travis, Larry D. and Burg, Richard and Kaufman, Yoram J. and Vanderlei Martins, J. and Shettle, Eric P.},
   title = {Monitoring of aerosol forcing of climate from space: analysis of measurement requirements},
   journal = {Journal of Quantitative Spectroscopy and Radiative Transfer},
   volume = {88},
   number = {1-3},
   pages = {149-161},
   ISSN = {00224073},
   year = {2004},
   type = {Journal Article}
}

@article{Mishchenko07,
   author = {Mishchenko, Michael I. and Cairns, Brian and Hansen, James E. and Travis, Larry D. and Kopp, Greg and Schueler, Carl F. and Fafaul, Bryan A. and Hooker, Ronald J. and Maring, Hal B. and Itchkawich, Tom},
   title = {Accurate Monitoring of Terrestrial Aerosols and Total Solar Irradiance: Introducing the Glory Mission},
   journal = {Bulletin of the American Meteorological Society},
   volume = {88},
   number = {5},
   pages = {677-691},
   ISSN = {0003-0007},
   url = {http://dx.doi.org/10.1175/BAMS-88-5-677},
   year = {2007},
   type = {Journal Article}
}

@inbook{Cairns97,
   author = {Cairns, B. and Carlson, B. E. and Lacis, A. A. and Russell, E. E.},
   title = {An analysis of ground-based polarimetric sky radiance measurements},
   booktitle = {Polarization: Measurement, Analysis, and Remote Sensing},
   editor = {Chipman, R. A. and Goldstein, D. H.},
   publisher = {Proc. SPIE },
   pages = {383–393},
   year = {1997},
   type = {Book Section}
}

@article{Boesche06,
   author = {Boesche, Eyk and Stammes, Piet and Ruhtz, Thomas and Preusker, RÈne and Fischer, Juergen},
   title = {Effect of aerosol microphysical properties on polarization of skylight: sensitivity study and measurements},
   journal = {Appl. Opt.},
   volume = {45},
   number = {34},
   pages = {8790-8805},
   year = {2006},
   type = {Journal Article}
}

@article{Emde10,
   author = {Emde, C. and Buras, R. and Mayer, B. and Blumthaler, M.},
   title = {The impact of aerosols on polarized sky radiance: model development, validation, and applications},
   journal = {Atmos. Chem. Phys.},
   volume = {10},
   number = {2},
   pages = {383-396},
   ISSN = {1680-7316},
   year = {2010},
   type = {Journal Article}
}

@article{Zeng08,
   author = {Zeng, Jing and Han, Qingyuan and Wang, Jun},
   title = {High-spectral resolution simulation of polarization of skylight: Sensitivity to aerosol vertical profile},
   journal = {Geophys. Res. Lett.},
   volume = {35},
   number = {20},
   pages = {L20801},
   ISSN = {0094-8276},
   year = {2008},
   type = {Journal Article}
}

@article{Vermeulen00,
   author = {Vermeulen, Anne and Devaux, Claude and Herman, Maurice},
   title = {Retrieval of the Scattering and Microphysical Properties of Aerosols from Ground-Based Optical Measurements Including Polarization. I. Method},
   journal = {Appl. Opt.},
   volume = {39},
   number = {33},
   pages = {6207-6220},
   year = {2000},
   type = {Journal Article}
}

@book{Hovenier04,
   author = {Hovenier, J.W. and Mee, C. van der and Domke, H.},
   title = {Transfer Of Polarized Light In Planetary Atmospheres},
   publisher = {Kluwer Academic Publishers, Dordrecht, The Netherlands.},
   pages = {258},
   ISBN = {1-4020-2889-X},
   year = {2004},
   type = {Book}
}

@article{Chowdhary01,
   author = {Chowdhary, Jacek and Cairns, Brian and Mishchenko, Michael and Travis, Larry},
   title = {Retrieval of aerosol properties over the ocean using multispectral and multiangle Photopolarimetric measurements from the Research Scanning Polarimeter},
   journal = {Geophysical Research Letters},
   volume = {28},
   number = {2},
   pages = {243-246},
   ISSN = {1944-8007},
   url = {http://dx.doi.org/10.1029/2000GL011783},
   year = {2001},
   type = {Journal Article}
}

@article{Chowdhary02,
   author = {Chowdhary, Jacek and Cairns, Brian and Travis, Larry D.},
   title = {Case Studies of Aerosol Retrievals over the Ocean from Multiangle, Multispectral Photopolarimetric Remote Sensing Data},
   journal = {Journal of the Atmospheric Sciences},
   volume = {59},
   number = {3},
   pages = {383-397},
   ISSN = {0022-4928},
   url = {http://dx.doi.org/10.1175/1520-0469(2002)059<0383:CSOARO>2.0.CO;2},
   year = {2002},
   type = {Journal Article}
}

@article{Chowdhary05,
   author = {Chowdhary, Jacek and Cairns, Brian and Mishchenko, Michael I. and Hobbs, Peter V. and Cota, Glenn F. and Redemann, Jens and Rutledge, Ken and Holben, Brent N. and Russell, Ed},
   title = {Retrieval of Aerosol Scattering and Absorption Properties from Photopolarimetric Observations over the Ocean during the CLAMS Experiment},
   journal = {Journal of the Atmospheric Sciences},
   volume = {62},
   number = {4},
   pages = {1093-1117},
   ISSN = {0022-4928},
   url = {http://dx.doi.org/10.1175/JAS3389.1},
   year = {2005},
   type = {Journal Article}
}

@article{Waquet07,
   author = {Waquet, F. and Goloub, P. and Deuzé, J. L. and Léon, J. F. and Auriol, F. and Verwaerde, C. and Balois, J. Y. and François, P.},
   title = {Aerosol retrieval over land using a multiband polarimeter and comparison with path radiance method},
   journal = {Journal of Geophysical Research},
   volume = {112},
   number = {D11},
   ISSN = {0148-0227},
   year = {2007},
   type = {Journal Article}
}

@article{Waquet09,
   author = {Waquet, F. and Cairns, B. and Knobelspiesse, K. and Chowdhary, J. and Travis, L. D. and Schmid, B. and Mishchenko, M. I.},
   title = {Polarimetric remote sensing of aerosols over land},
   journal = {J. Geophys. Res.},
   volume = {114},
   number = {D1},
   pages = {D01206},
   ISSN = {0148-0227},
   url = {http://dx.doi.org/10.1029/2008JD010619},
   year = {2009},
   type = {Journal Article}
}

@article{Hasekamp11,
   author = {Hasekamp, Otto P. and Litvinov, Pavel and Butz, André},
   title = {Aerosol properties over the ocean from PARASOL multiangle photopolarimetric measurements},
   journal = {Journal of Geophysical Research: Atmospheres},
   volume = {116},
   number = {D14},
   pages = {D14204},
   ISSN = {2156-2202},
   url = {http://dx.doi.org/10.1029/2010JD015469},
   year = {2011},
   type = {Journal Article}
}

@article{Drury10,
   author = {Drury, Easan and Jacob, Daniel J. and Spurr, Robert J. D. and Wang, Jun and Shinozuka, Yohei and Anderson, Bruce E. and Clarke, Antony D. and Dibb, Jack and McNaughton, Cameron and Weber, Rodney},
   title = {Synthesis of satellite (MODIS), aircraft (ICARTT), and surface (IMPROVE, EPA-AQS, AERONET) aerosol observations over eastern North America to improve MODIS aerosol retrievals and constrain surface aerosol concentrations and sources},
   journal = {J. Geophys. Res.},
   volume = {115},
   number = {D14},
   pages = {D14204},
   ISSN = {0148-0227},
   url = {http://dx.doi.org/10.1029/2009JD012629},
   year = {2010},
   type = {Journal Article}
}

@article{Patterson77,
   author = {Patterson, E. M. and Gillette, D. A. and Stockton, B. H.},
   title = {Complex index of refraction between 300 and 700 nm for Saharan aerosols},
   journal = {Journal of Geophysical Research},
   volume = {82},
   number = {21},
   pages = {3153-3160},
   ISSN = {2156-2202},
   year = {1977},
   type = {Journal Article}
}

@article{Wagner12,
   author = {Wagner, R. and Ajtai, T. and Kandler, K. and Lieke, K. and Linke, C. and Müller, T. and Schnaiter, M. and Vragel, M.},
   title = {Complex refractive indices of Saharan dust samples at visible and near UV wavelengths: a laboratory study},
   journal = {Atmospheric Chemistry and Physics},
   volume = {12},
   number = {5},
   pages = {2491-2512},
   ISSN = {1680-7324},
   year = {2012},
   type = {Journal Article}
}

@article{Chin02,
   author = {Chin, Mian and Ginoux, Paul and Kinne, Stefan and Torres, Omar and Holben, Brent N. and Duncan, Bryan N. and Martin, Randall V. and Logan, Jennifer A. and Higurashi, Akiko and Nakajima, Teruyuki},
   title = {Tropospheric Aerosol Optical Thickness from the GOCART Model and Comparisons with Satellite and Sun Photometer Measurements},
   journal = {Journal of the Atmospheric Sciences},
   volume = {59},
   number = {3},
   pages = {461-483},
   ISSN = {0022-4928},
   year = {2002},
   type = {Journal Article}
}


@article{Angstrom29,
   author = {Ångström, Anders},
   title = {On the Atmospheric Transmission of Sun Radiation and on Dust in the Air},
   journal = {Geografiska Annaler},
   volume = {11},
   pages = {156-166},
   ISSN = {16513215},
   url = {http://www.jstor.org/stable/519399},
   year = {1929},
   type = {Journal Article}
}

@article{Curcio61,
   author = {Curcio, Josepha},
   title = {Evaluation of Atmospheric Aerosol Particle Size Distribution from Scattering Measurements in the Visible and Infrared},
   journal = {Journal of the Optical Society of America},
   volume = {51},
   number = {5},
   pages = {548-551},
   url = {http://www.opticsinfobase.org/abstract.cfm?URI=josa-51-5-548},
   year = {1961},
   type = {Journal Article}
}

@article{Phillips62,
   author = {Phillips, David L.},
   title = {A Technique for the Numerical Solution of Certain Integral Equations of the First Kind},
   journal = {J. ACM},
   volume = {9},
   number = {1},
   pages = {84-97},
   ISSN = {0004-5411},
   year = {1962},
   type = {Journal Article}
}

@article{Twomey63,
   author = {Twomey, S.},
   title = {On the Numerical Solution of Fredholm Integral Equations of the First Kind by the Inversion of the Linear System Produced by Quadrature},
   journal = {J. ACM},
   volume = {10},
   number = {1},
   pages = {97-101},
   ISSN = {0004-5411},
   year = {1963},
   type = {Journal Article}
}

@article{Twomey67,
   author = {Twomey, S. and Howell, H. B.},
   title = {Some Aspects of the Optical Estimation of Microstructure in Fog and Cloud},
   journal = {Applied Optics},
   volume = {6},
   number = {12},
   pages = {2125-2131},
   url = {http://ao.osa.org/abstract.cfm?URI=ao-6-12-2125},
   year = {1967},
   type = {Journal Article}
}

@book{Twomey77,
   author = {Twomey, S.},
   title = {Introduction to the Mathematics of Inversion in Remote Sensing and Indirect Measurements},
   publisher = {Dover Publications, Inc.},
   address = {Mineola, NY, USA},
   pages = {243},
   year = {1977},
   type = {Book}
}

@article{Yamamoto69,
   author = {Yamamoto, Giichi and Tanaka, Masayuki},
   title = {Determination of Aerosol Size Distribution from Spectral Attenuation Measurements},
   journal = {Applied Optics},
   volume = {8},
   number = {2},
   pages = {447-453},
   url = {http://ao.osa.org/abstract.cfm?URI=ao-8-2-447},
   year = {1969},
   type = {Journal Article}
}

@article{Dave71,
   author = {Dave, J. V.},
   title = {Determination of Size Distribution of Spherical Polydispersions Using Scattered Radiation Data},
   journal = {Applied Optics},
   volume = {10},
   number = {9},
   pages = {2035-2044},
   url = {http://ao.osa.org/abstract.cfm?URI=ao-10-9-2035},
   year = {1971},
   type = {Journal Article}
}

@article{Grassl71,
   author = {Grassl, H.},
   title = {Determination of Aerosol Size Distributions from Spectral Attenuation Measurements},
   journal = {Applied Optics},
   volume = {10},
   number = {11},
   pages = {2534-2538},
   url = {http://ao.osa.org/abstract.cfm?URI=ao-10-11-2534},
   year = {1971},
   type = {Journal Article}
}

@article{Herman71,
   author = {Herman, Benjamin M. and Browning, Samuel R. and Reagan, John A.},
   title = {Determination of Aerosol Size Distributions from Lidar Measurements},
   journal = {Journal of the Atmospheric Sciences},
   volume = {28},
   number = {5},
   pages = {763-771},
   ISSN = {0022-4928},
   url = {http://dx.doi.org/10.1175/1520-0469(1971)028<0763:DOASDF>2.0.CO;2},
   year = {1971},
   type = {Journal Article}
}

@article{King78,
   author = {King, Michael D. and Byrne, Dale M. and Herman, Benjamin M. and Reagan, John A.},
   title = {Aerosol Size Distributions Obtained by Inversions of Spectral Optical Depth Measurements},
   journal = {Journal of the Atmospheric Sciences},
   volume = {35},
   number = {11},
   pages = {2153-2167},
   ISSN = {0022-4928},
   url = {http://dx.doi.org/10.1175/1520-0469(1978)035<2153:ASDOBI>2.0.CO;2},
   year = {1978},
   type = {Journal Article}
}

@article{Shaw79,
   author = {Shaw, Glenn E.},
   title = {Inversion of optical scattering and spectral extinction measurements to recover aerosol size spectra},
   journal = {Applied Optics},
   volume = {18},
   number = {7},
   pages = {988-993},
   url = {http://ao.osa.org/abstract.cfm?URI=ao-18-7-988},
   year = {1979},
   type = {Journal Article}
}

@article{Nakajima83,
   author = {Nakajima, Teruyuki and Tanaka, Masayuki and Yamauchi, Toyotato},
   title = {Retrieval of the optical properties of aerosols from aureole and extinction data},
   journal = {Applied Optics},
   volume = {22},
   number = {19},
   pages = {2951-2959},
   url = {http://ao.osa.org/abstract.cfm?URI=ao-22-19-2951},
   year = {1983},
   type = {Journal Article}
}

@article{Nakajima96,
   author = {Nakajima, Teruyuki and Tonna, Glauco and Rao, Ruizhong and Boi, Paolo and Kaufman, Yoram and Holben, Brent},
   title = {Use of sky brightness measurements from ground for remote sensing of particulate polydispersions},
   journal = {Applied Optics},
   volume = {35},
   number = {15},
   pages = {2672-2686},
   url = {http://ao.osa.org/abstract.cfm?URI=ao-35-15-2672},
   year = {1996},
   type = {Journal Article}
}

@article{Kaufman94,
   author = {Kaufman, Y. J. and Gitelson, A. and Karnieli, A. and Ganor, E. and Fraser, R. S. and Nakajima, T. and Mattoo, S. and Holben, B. N.},
   title = {Size distribution and scattering phase function of aerosol particles retrieved from sky brightness measurements},
   journal = {Journal of Geophysical Research: Atmospheres},
   volume = {99},
   number = {D5},
   pages = {10341-10356},
   ISSN = {2156-2202},
   url = {http://dx.doi.org/10.1029/94JD00229},
   year = {1994},
   type = {Journal Article}
}

@ARTICLE{Tanaka82,
   author ={Tanaka, Masayuki and Nakajima, Teruyuki and Takamura, Tamio},
   title = {Simultaneous determination of complex refractive index and size distribution of airborne and water-suspended particles from light scattering measurements},
  journal = {Meteorological Society of Japan Journal},
  year = {1982},
  volume = {60},
  pages = {1259-1272}
}

@article{Tanaka83,
   author = {Tanaka, Masayuki and Takamura, Tamio and Nakajima, Teruyuki},
   title = {Refractive Index and Size Distribution of Aerosols as Estimated from Light Scattering Measurements},
   journal = {Journal of Climate and Applied Meteorology},
   volume = {22},
   number = {7},
   pages = {1253-1261},
   ISSN = {0733-3021},
   url = {http://dx.doi.org/10.1175/1520-0450(1983)022<1253:RIASDO>2.0.CO;2},
   year = {1983},
   type = {Journal Article}
}

@article{Hansen74,
   author = {Hansen, J. E. and Travis, Larry D.},
   title = {Light scattering in planetary atmospheres},
   journal = {Space Sci. Rev.},
   volume = {16},
   pages = {572-610},
   year = {1974},
   type = {Journal Article}
}


@article{Wendisch94,
   author = {Wendisch, M. and Von Hoyningen-Huene, W.},
   title = {Possibility of refractive index determination of atmospheric aerosol particles by ground-based solar extinction and scattering measurements},
   journal = {Atmospheric Environment},
   volume = {28},
   number = {5},
   pages = {785-792},
   ISSN = {1352-2310},
   url = {http://www.sciencedirect.com/science/article/pii/1352231094902372},
   year = {1994},
   type = {Journal Article}
}

@article{Yamasoe98,
   author = {Yamasoe, M. A. and Kaufman, Y. J. and Dubovik, O. and Remer, L. A. and Holben, B. N. and Artaxo, P.},
   title = {Retrieval of the real part of the refractive index of smoke particles from Sun/sky measurements during SCAR-B},
   journal = {Journal of Geophysical Research: Atmospheres},
   volume = {103},
   number = {D24},
   pages = {31893-31902},
   keywords = {0305 Aerosols and particles},
   ISSN = {2156-2202},
   url = {http://dx.doi.org/10.1029/98JD01211},
   year = {1998},
   type = {Journal Article}
}

@article{Dubovik00a,
   author = {Dubovik, Oleg and King, Michael D.},
   title = {A flexible inversion algorithm for retrieval of aerosol optical properties from Sun and sky radiance measurements},
   journal = {J. Geophys. Res.},
   volume = {105},
   number = {D16},
   pages = {20673-20696},
   ISSN = {0148-0227},
   year = {2000},
   type = {Journal Article}
}

@article{Dubovik00b,
   author = {Dubovik, O. and Smirnov, A. and Holben, B. N. and King, M. D. and Kaufman, Y. J. and Eck, T. F. and Slutsker, I.},
   title = {Accuracy assessments of aerosol optical properties retrieved from Aerosol Robotic Network (AERONET) Sun and sky radiance measurements},
   journal = {Journal of Geophysical Research},
   volume = {105},
   number = {D8},
   pages = {9791-9806},
   ISSN = {2156-2202},
   url = {http://dx.doi.org/10.1029/2000JD900040},
   year = {2000},
   type = {Journal Article}
}

@article{Dubovik02,
   author = {Dubovik, O. and Holben, B. N. and Lapyonok, T. and Sinyuk, A. and Mishchenko, M. I. and Yang, P. and Slutsker, I.},
   title = {Non-spherical aerosol retrieval method employing light scattering by spheroids},
   journal = {Geophysical Research Letters},
   volume = {29},
   number = {10},
   keywords = {0305 Aerosols and particles
0933 Remote sensing
0994 Instruments and techniques},
   ISSN = {1944-8007},
   url = {http://dx.doi.org/10.1029/2001GL014506},
   year = {2002},
   type = {Journal Article}
}

@article{Dubovik02b,
   author = {Dubovik, Oleg and Holben, Brent and Eck, Thomas F. and Smirnov, Alexander and Kaufman, Yoram J. and King, Michael D. and Tanre, Didier and Slutsker, Ilya},
   title = {Variability of Absorption and Optical Properties of Key Aerosol Types Observed in Worldwide Locations},
   journal = {Journal of the Atmospheric Sciences},
   volume = {59},
   number = {3},
   pages = {590-608},
   ISSN = {0022-4928},
   url = {http://dx.doi.org/10.1175/1520-0469(2002)059<0590:VOAAOP>2.0.CO;2},
   year = {2002},
   type = {Journal Article}
}

@inbook{Dubovik04,
   author = {Dubovik, Oleg},
   title = {Optimization of Numerical Inversion in Photopolarimetric Remote Sensing},
   booktitle = {Photopolarimetry in Remote Sensing},
   editor = {Videen, Gorden and Yatskiv, Yaroslav and Mishchenko, Michael},
   series = {NATO Science Series II: Mathematics, Physics and Chemistry},
   publisher = {Springer Netherlands},
   volume = {161},
   chapter = {3},
   pages = {65-106},
   ISBN = {978-1-4020-2366-8},
   year = {2004},
   type = {Book Section}
}

@article{Dubovik06,
   author = {Dubovik, Oleg and Sinyuk, Alexander and Lapyonok, Tatyana and Holben, Brent N. and Mishchenko, Michael and Yang, Ping and Eck, Tom F. and Volten, Hester and Muñoz, Olga and Veihelmann, Ben and van der Zande, Wim J. and Leon, Jean-Francois and Sorokin, Michael and Slutsker, Ilya},
   title = {Application of spheroid models to account for aerosol particle nonsphericity in remote sensing of desert dust},
   journal = {Journal of Geophysical Research: Atmospheres},
   volume = {111},
   pages = {D11208},
   ISSN = {2156-2202},
   url = {http://dx.doi.org/10.1029/2005JD006619},
   year = {2006},
   type = {Journal Article}
}

@article{Dubovik08,
   author = {Dubovik, O. and Lapyonok, T. and Kaufman, Y. J. and Chin, M. and Ginoux, P. and Kahn, R. A. and Sinyuk, A.},
   title = {Retrieving global aerosol sources from satellites using inverse modeling},
   journal = {Atmos. Chem. Phys.},
   volume = {8},
   number = {2},
   pages = {209-250},
   ISSN = {1680-7316},
   year = {2008},
   type = {Journal Article}
}

@article{Dubovik11,
   author = {Dubovik, O. and Herman, M. and Holdak, A. and Lapyonok, T. and Tanre, D. and Deuze, J. L. and Ducos, F. and Sinyuk, A. and Lopatin, A.},
   title = {Statistically optimized inversion algorithm for enhanced retrieval of aerosol properties from spectral multi-angle polarimetric satellite observations},
   journal = {Atmos. Meas. Tech.},
   volume = {4},
   number = {5},
   pages = {975-1018},
   ISSN = {1867-8548},
   year = {2011},
   type = {Journal Article}
}

@article{Deuze93,
   author = {Deuzé, J. L. and Bréon, F. M. and Deschamps, P. Y. and Devaux, C. and Herman, M. and Podaire, A. and Roujean, J. L.},
   title = {Analysis of the POLDER (POLarization and directionality of earth's reflectances) airborne instrument observations over land surfaces},
   journal = {Remote Sensing of Environment},
   volume = {45},
   number = {2},
   pages = {137-154},
   ISSN = {0034-4257},
   url = {http://www.sciencedirect.com/science/article/pii/003442579390038Y},
   year = {1993},
   type = {Journal Article}
}

@article{Deuze01,
   author = {Deuzé, J. L. and Bréon, F. M. and Devaux, C. and Goloub, P. and Herman, M. and Lafrance, B. and Maignan, F. and Marchand, A. and Nadal, F. and Perry, G. and Tanré, D.},
   title = {Remote sensing of aerosols over land surfaces from POLDER-ADEOS-1 polarized measurements},
   journal = {Journal of Geophysical Research: Atmospheres},
   volume = {106},
   number = {D5},
   pages = {4913-4926},
   ISSN = {2156-2202},
   url = {http://dx.doi.org/10.1029/2000JD900364},
   year = {2001},
   type = {Journal Article}
}

@article{Holben98,
   author = {Holben, B. N. and Eck, T. F. and Slutsker, I. and Tanre, D. and Buis, J. P. and Setzer, A. and Vermote, E. and Reagan, J. A. and Kaufman, Y. J. and Nakajima, T. and Lavenu, F. and Jankowiak, I. and Smirnov, A.},
   title = {AERONET - A Federated Instrument Network and Data Archive for Aerosol Characterization},
   journal = {Remote Sensing of Environment},
   volume = {66},
   number = {1},
   pages = {1-16},
   ISSN = {0034-4257},
   url = {http://www.sciencedirect.com/science/article/pii/S0034425798000315},
   year = {1998},
   type = {Journal Article}
}

@article{Holben06,
   author = {Holben, B. N. and Eck, T. F. and Slutsker, I. and Smirnov, A. and Sinyuk, A. and Schafer, J. and Giles, D. and Dubovik, O.},
   title = {Aeronet's Version 2.0 quality assurance criteria},
   journal = {Proc. SPIE 6408, Remote Sensing of the Atmosphere and Clouds},
   volume = {64080Q},
   year = {2006},
   type = {Journal Article}
}


@article{Smirnov00,
   author = {Smirnov, A. and Holben, B. N. and Eck, T. F. and Dubovik, O. and Slutsker, I.},
   title = {Cloud-Screening and Quality Control Algorithms for the AERONET Database},
   journal = {Remote Sensing of Environment},
   volume = {73},
   number = {3},
   pages = {337-349},
   ISSN = {0034-4257},
   url = {http://www.sciencedirect.com/science/article/pii/S0034425700001097},
   year = {2000},
   type = {Journal Article}
}

@article{Li08,
   author = {Li, Zhengqiang and Blarel, Luc and Podvin, Thierry and Goloub, Philippe and Buis, Jean-Pierre and Morel, Jean-Philippe},
   title = {Transferring the calibration of direct solar irradiance to diffuse-sky radiance measurements for CIMEL Sun-sky radiometers},
   journal = {Appl. Opt.},
   volume = {47},
   number = {10},
   pages = {1368-1377},
   year = {2008},
   type = {Journal Article}
}

@article{Li09,
   author = {Li, Zhengqiang and Goloub, Philippe and Dubovik, Oleg and Blarel, Luc and Zhang, Wenxing and Podvin, Thierry and Sinyuk, Alexander and Sorokin, Mikhail and Chen, Hongbin and Holben, Brent and Tanre, Didier and Canini, Marius and Buis, Jean-Pierre},
   title = {Improvements for ground-based remote sensing of atmospheric aerosol properties by additional polarimetric measurements},
   journal = {Journal of Quantitative Spectroscopy and Radiative Transfer},
   volume = {110},
   number = {17},
   pages = {1954-1961},
   ISSN = {0022-4073},
   url = {http://www.sciencedirect.com/science/article/pii/S002240730900154X},
   year = {2009},
   type = {Journal Article}
}

@article{Li10,
   author = {Li, Zhengqiang and Blarel, Luc and Podvin, Thierry and Goloub, Philippe and Chen, Ligang},
   title = {Calibration of the degree of linear polarization measurement of polarized radiometer using solar light},
   journal = {Appl. Opt.},
   volume = {49},
   number = {8},
   pages = {1249-1256},
   year = {2010},
   type = {Journal Article}
}

@article{Reid08,
   author = {Reid, Jeffrey S. and Piketh, Stuart J. and Walker, Annette L. and Burger, Roelof P. and Ross, Kristy E. and Westphal, Douglas L. and Bruintjes, Roelof T. and Holben, Brent N. and Hsu, Christina and Jensen, Tara L. and Kahn, Ralph A. and Kuciauskas, Arunas P. and Al Mandoos, Abdulla and Al Mangoosh, Abdulla and Miller, Steven D. and Porter, John N. and Reid, Elizabeth A. and Tsay, Si-Chee},
   title = {An overview of UAE2 flight operations: Observations of summertime atmospheric thermodynamic and aerosol profiles of the southern Arabian Gulf},
   journal = {Journal of Geophysical Research: Atmospheres},
   volume = {113},
   number = {D14},
   pages = {D14213},
   ISSN = {2156-2202},
   url = {http://dx.doi.org/10.1029/2007JD009435},
   year = {2008},
   type = {Journal Article}
}

@article{Levy07a,
   author = {Levy, Robert C. and Remer, Lorraine A. and Dubovik, Oleg},
   title = {Global aerosol optical properties and application to Moderate Resolution Imaging Spectroradiometer aerosol retrieval over land},
   journal = {Journal of Geophysical Research: Atmospheres},
   volume = {112},
   number = {D13},
   pages = {D13210},
   ISSN = {2156-2202},
   url = {http://dx.doi.org/10.1029/2006JD007815},
   year = {2007a},
   type = {Journal Article}
}

@article{Levy07b,
   author = {Levy, Robert C. and Remer, Lorraine A. and Mattoo, Shana and Vermote, Eric F. and Kaufman, Yoram J.},
   title = {Second-generation operational algorithm: Retrieval of aerosol properties over land from inversion of Moderate Resolution Imaging Spectroradiometer spectral reflectance},
   journal = {J. Geophys. Res.},
   volume = {112},
   number = {D13},
   pages = {D13211},
   ISSN = {0148-0227},
   url = {http://dx.doi.org/10.1029/2006JD007811},
   year = {2007b},
   type = {Journal Article}
}

@article{Levy10,
   author = {Levy, R. C. and Remer, L. A. and Kleidman, R. G. and Mattoo, S. and Ichoku, C. and Kahn, R. and Eck, T. F.},
   title = {Global evaluation of the Collection 5 MODIS dark-target aerosol products over land},
   journal = {Atmos. Chem. Phys.},
   volume = {10},
   number = {21},
   pages = {10399-10420},
   ISSN = {1680-7324},
   year = {2010},
   type = {Journal Article}
}

@article{Kaufman97,
   author = {Kaufman, Y. J. and Tanré, D. and Remer, L. A. and Vermote, E. F. and Chu, A. and Holben, B. N.},
   title = {Operational remote sensing of tropospheric aerosol over land from EOS moderate resolution imaging spectroradiometer},
   journal = {Journal of Geophysical Research: Atmospheres},
   volume = {102},
   number = {D14},
   pages = {17051-17067},
   ISSN = {2156-2202},
   url = {http://dx.doi.org/10.1029/96JD03988},
   year = {1997},
   type = {Journal Article}
}

@article{Remer05,
   author = {Remer, L. A. and Kaufman, Y. J. and Tanre, D. and Mattoo, S. and Chu, D. A. and Martins, J. V. and Li, R.-R. and Ichoku, C. and Levy, R. C. and Kleidman, R. G. and Eck, T. F. and Vermote, E. and Holben, B. N.},
   title = {The MODIS Aerosol Algorithm, Products, and Validation},
   journal = {Journal of the Atmospheric Sciences},
   volume = {62},
   number = {4},
   pages = {947-973},
   url = {http://journals.ametsoc.org/doi/abs/10.1175/JAS3385.1},
   year = {2005},
   type = {Journal Article}
}

@article{Wang10,
   author = {Wang, Jun and Xu, Xiaoguang and Spurr, Robert and Wang, Yuxuang and Drury, Easan},
   title = {Improved algorithm for MODIS satellite retrievals of aerosol optical thickness over land in dusty atmosphere: Implications for air quality monitoring in China},
   journal = {Remote Sensing of Environment},
   volume = {114},
   number = {11},
   pages = {2575-2583},
   ISSN = {0034-4257},
   year = {2010},
   type = {Journal Article}
}

@article{Diner98,
   author = {Diner, D. J. and Beckert, J. C. and Reilly, T. H. and Bruegge, C. J. and Conel, J. E. and Kahn, R. A. and Martonchik, J. V. and Ackerman, T. P. and Davies, R. and Gerstl, S. A. W. and Gordon, H. R. and Muller, J. P. and Myneni, R. B. and Sellers, P. J. and Pinty, B. and Verstraete, M. M.},
   title = {Multi-angle Imaging SpectroRadiometer (MISR) instrument description and experiment overview},
   journal = {Geoscience and Remote Sensing, IEEE Transactions on},
   volume = {36},
   number = {4},
   pages = {1072-1087},
   ISSN = {0196-2892},
   year = {1998},
   type = {Journal Article}
}

@article{Kahn10,
   author = {Kahn, Ralph A. and Gaitley, Barbara J. and Garay, Michael J. and Diner, David J. and Eck, Thomas F. and Smirnov, Alexander and Holben, Brent N.},
   title = {Multiangle Imaging SpectroRadiometer global aerosol product assessment by comparison with the Aerosol Robotic Network},
   journal = {J. Geophys. Res.},
   volume = {115},
   number = {D23},
   pages = {D23209},
   ISSN = {0148-0227},
   url = {http://dx.doi.org/10.1029/2010JD014601},
   year = {2010},
   type = {Journal Article}
}

@inbook{Martonchik09,
   author = {Martonchik, J. V. and Kahn, R. A. and Diner, D. J.},
   title = {Retrieval of aerosol properties over land using MISR observations},
   booktitle = {Satellite Aerosol Remote Sensing Over Land},
   editor = {Kokhanovsky, A.},
   publisher = {Springer},
   address = {Berlin},
   year = {2009},
   type = {Book Section}
}

@article{Yang13,
   author = {Yang, Zhifeng and Wang, Jun and Ichoku, Charles and Hyer, Edward and Zeng, Jing},
   title = {Mesoscale modeling and satellite observation of transport and mixing of smoke and dust particles over northern sub-Saharan African region},
   journal = {Journal of Geophysical Research: Atmospheres},
   volume = {118},
   number = {21},
   pages = {12,139-12,157},
   ISSN = {2169-8996},
   url = {http://dx.doi.org/10.1002/2013JD020644},
   year = {2013},
   type = {Journal Article}
}

@article{Bodhaine99,
   author = {Bodhaine, Barry A. and Wood, Norman B. and Dutton, Ellsworth G. and Slusser, James R.},
   title = {On Rayleigh Optical Depth Calculations},
   journal = {Journal of Atmospheric and Oceanic Technology},
   volume = {16},
   number = {11},
   pages = {1854-1861},
   year = {1999},
   type = {Journal Article}
}

@article{Spurr04,
   author = {Spurr, Robert J. D.},
   title = {A new approach to the retrieval of surface properties from earthshine measurements},
   journal = {Journal of Quantitative Spectroscopy and Radiative Transfer},
   volume = {83},
   number = {1},
   pages = {15-46},
   ISSN = {0022-4073},
   year = {2004},
   type = {Journal Article}
}

@article{Spurr06,
   author = {Spurr, R.},
   title = {VLIDORT: A linearized pseudo-spherical vector discrete ordinate radiative transfer code for forward model and retrieval studies in multilayer multiple scattering media},
   journal = {Journal of Quantitative Spectroscopy and Radiative Transfer},
   volume = {102},
   pages = {316-342},
   year = {2006},
   type = {Journal Article}
}

@article{Spurr12,
   author = {Spurr, R. and Wang, J. and Zeng, J. and Mishchenko, M. I.},
   title = {Linearized T-matrix and Mie scattering computations},
   journal = {Journal of Quantitative Spectroscopy and Radiative Transfer},
   volume = {113},
   number = {6},
   pages = {425-439},
   ISSN = {0022-4073},
   url = {http://www.sciencedirect.com/science/article/pii/S0022407311004006},
   year = {2012},
   type = {Journal Article}
}

@article{Spurr14,
   author = {Spurr, Robert and Christi, Matt},
   title = {On the generation of atmospheric property Jacobians from the (V)LIDORT linearized radiative transfer models},
   journal = {Journal of Quantitative Spectroscopy and Radiative Transfer},
   volume = {142},
   number = {0},
   pages = {109-115},
   ISSN = {0022-4073},
   url = {http://www.sciencedirect.com/science/article/pii/S0022407314001277},
   year = {2014},
   type = {Journal Article}
}

@article{Rothman09,
   author = {Rothman, L. S. and Gordon, I. E. and Barbe, A. and Benner, D. Chris and Bernath, P. F. and Birk, M. and Boudon, V. and Brown, L. R. and Campargue, A. and Champion, J. P. and Chance, K. and Coudert, L. H. and Dana, V. and Devi, V. M. and Fally, S. and Flaud, J. M. and Gamache, R. R. and Goldman, A. and Jacquemart, D. and Kleiner, I. and Lacome, N. and Lafferty, W. J. and Mandin, J. Y. and Massie, S. T. and Mikhailenko, S. N. and Miller, C. E. and Moazzen-Ahmadi, N. and Naumenko, O. V. and Nikitin, A. V. and Orphal, J. and Perevalov, V. I. and Perrin, A. and Predoi-Cross, A. and Rinsland, C. P. and Rotger, M. and Simeckov·, M. and Smith, M. A. H. and Sung, K. and Tashkun, S. A. and Tennyson, J. and Toth, R. A. and Vandaele, A. C. and Vander Auwera, J.},
   title = {The HITRAN 2008 molecular spectroscopic database},
   journal = {Journal of Quantitative Spectroscopy and Radiative Transfer},
   volume = {110},
   number = {9-10},
   pages = {533-572},
   ISSN = {0022-4073},
   year = {2009},
   type = {Journal Article}
}

@article{Orphal03,
   author = {Orphal, Johannes and Chance, Kelly},
   title = {Ultraviolet and visible absorption cross-sections for HITRAN},
   journal = {Journal of Quantitative Spectroscopy and Radiative Transfer},
   volume = {82},
   number = {1-4},
   pages = {491-504},
   ISSN = {0022-4073},
   year = {2003},
   type = {Journal Article}
}

@book{Liou02,
   author = {Liou, K. N.},
   title = {An Introduction to Atmospheric Radiation},
   publisher = {Academic Press},
   address = {San Diego, CA, USA},
   pages = {583},
   ISBN = {0074-6142},
   year = {2002},
   type = {Book}
}

@article{deRooij84,
   author = {de Rooij, W. A.  and Stap, C. C. A. H. van der},
   title = {Expansion of Mie scattering matrices in generalized spherical functions},
   journal = {Astronomy and Astrophysics},
   volume = {131},
   number = {2},
   pages = {237-248},
   year = {1984},
   type = {Journal Article}
}

@article{Levelt06,
   author = {Levelt, P. F. and Hilsenrath, E. and Leppelmeier, G. W. and van den Oord, G. H. J. and Bhartia, P. K. and Tamminen, J. and de Haan, J. F. and Veefkind, J. P.},
   title = {Science objectives of the ozone monitoring instrument},
   journal = {Geoscience and Remote Sensing, IEEE Transactions on},
   volume = {44},
   number = {5},
   pages = {1199-1208},
   ISSN = {0196-2892},
   year = {2006},
   type = {Journal Article}
}

@article{Halthore97,
   author = {Halthore, Rangasayi N. and Eck, Thomas F. and Holben, Brent N. and Markham, Brian L.},
   title = {Sun photometric measurements of atmospheric water vapor column abundance in the 940-nm band},
   journal = {Journal of Geophysical Research: Atmospheres},
   volume = {102},
   number = {D4},
   pages = {4343-4352},
   ISSN = {2156-2202},
   url = {http://dx.doi.org/10.1029/96JD03247},
   year = {1997},
   type = {Journal Article}
}

@article{Schuster06,
   author = {Schuster, Gregory L. and Dubovik, Oleg and Holben, Brent N.},
   title = {Angstrom exponent and bimodal aerosol size distributions},
   journal = {J. Geophys. Res.},
   volume = {111},
   pages = {D07207},
   ISSN = {2156-2202},
   url = {http://dx.doi.org/10.1029/2005JD006328},
   year = {2006},
   type = {Journal Article}
}

@book{Seinfeld06,
   author = {Seinfeld, John H. and Pandis, Spyros N.},
   title = {Atmospheric Chemistry and Physics: From Air Pollution to Climate Change, 2nd Edition},
   publisher = {John Wiley and Sons, Inc.},
   address = {Hoboken, New Jersey},
   pages = {1232},
   ISBN = {978-0-471-72018-8},
   year = {2006},
   type = {Book}
}

@article{Wanner95,
   author = {Wanner, W. and Li, X. and Strahler, A. H.},
   title = {On the derivation of kernels for kernel-driven models of bidirectional reflectance},
   journal = {Journal of Geophysical Research: Atmospheres},
   volume = {100},
   number = {D10},
   pages = {21077-21089},
   ISSN = {2156-2202},
   url = {http://dx.doi.org/10.1029/95JD02371},
   year = {1995},
   type = {Journal Article}
}

@article{Lucht00,
   author = {Lucht, W. and Schaaf, C. B. and Strahler, A. H.},
   title = {An algorithm for the retrieval of albedo from space using semiempirical BRDF models},
   journal = {Geoscience and Remote Sensing, IEEE Transactions on},
   volume = {38},
   number = {2},
   pages = {977-998},
   ISSN = {0196-2892},
   year = {2000},
   type = {Journal Article}
}

@article{Maignan04,
   author = {Maignan, F. and Bréon, F. M. and Lacaze, R.},
   title = {Bidirectional reflectance of Earth targets: evaluation of analytical models using a large set of spaceborne measurements with emphasis on the Hot Spot},
   journal = {Remote Sensing of Environment},
   volume = {90},
   number = {2},
   pages = {210-220},
   ISSN = {0034-4257},
   year = {2004},
   type = {Journal Article}
}


@article{Maignan09,
   author = {Maignan, Fabienne and Bréon, François-Marie and Fédèle, Emilie and Bouvier, Marc},
   title = {Polarized reflectances of natural surfaces: Spaceborne measurements and analytical modeling},
   journal = {Remote Sensing of Environment},
   volume = {113},
   number = {12},
   pages = {2642-2650},
   ISSN = {0034-4257},
   year = {2009},
   type = {Journal Article}
}

@article{Cox54,
   author = {Cox, Charles and Munk, Walter},
   title = {Measurement of the Roughness of the Sea Surface from Photographs of the Sun?s Glitter},
   journal = {Journal of the Optical Society of America},
   volume = {44},
   number = {11},
   pages = {838-850},
   year = {1954},
   type = {Journal Article}
}

@article{Nadal99,
   author = {Nadal, F. and Breon, F. M.},
   title = {Parameterization of surface polarized reflectance derived from POLDER spaceborne measurements},
   journal = {Geoscience and Remote Sensing, IEEE Transactions on},
   volume = {37},
   number = {3},
   pages = {1709-1718},
   ISSN = {0196-2892},
   year = {1999},
   type = {Journal Article}
}

@article{Litvinov11,
   author = {Litvinov, Pavel and Hasekamp, Otto and Cairns, Brian},
   title = {Models for surface reflection of radiance and polarized radiance: Comparison with airborne multi-angle photopolarimetric measurements and implications for modeling top-of-atmosphere measurements},
   journal = {Remote Sensing of Environment},
   volume = {115},
   number = {2},
   pages = {781-792},
   ISSN = {0034-4257},
   year = {2011},
   type = {Journal Article}
}

@article{Ricchiazzi98,
   author = {Ricchiazzi, Paul and Yang, Shiren and Gautier, Catherine and Sowle, David},
   title = {SBDART: A Research and Teaching Software Tool for Plane-Parallel Radiative Transfer in the Earth's Atmosphere},
   journal = {Bulletin of the American Meteorological Society},
   volume = {79},
   number = {10},
   pages = {2101-2114},
   ISSN = {0003-0007},
   year = {1998},
   type = {Journal Article}
}

@techreport{McClatchey72,
   author = {McClatchey, R. A. and Fenn, R. W.  and Selby, J. E. A.  and Volz, F. E.  and Garing, J. S.},
   title = {Optical Properties of the Atmosphere (Third Edition)},
   institution = {Air Force Cambridge Research Labs Hanscom AFB MA},
   year = {1972},
   type = {Report}
}

@book{Coulson88,
   author = {Coulson, A.D.P.},
   title = {Polarization and intensity of light in the atmosphere},
   publisher = {VA A Deepak Pub},
   address = {Hampton},
   year = {1988},
   type = {Book}
}

@book{Coulson60,
   author = {Coulson, K.L. and Dave, J.V. and Sekera, Z.},
   title = {Tables related to radiation emerging from a planetary atmosphere With Rayleigh scattering},
   publisher = {Univ California Press},
   address = {Berkeley, CA},
   year = {1960},
   type = {Book}
}

@article{Evans91,
   author = {Evans, K. F. and Stephens, G. L.},
   title = {A new polarized atmospheric radiative transfer model},
   journal = {Journal of Quantitative Spectroscopy and Radiative Transfer},
   volume = {46},
   number = {5},
   pages = {413-423},
   ISSN = {0022-4073},
   year = {1991},
   type = {Journal Article}
}

@article{Vijay12,
   author = {Vijay, Natraj and Hovenier, J. W.},
   title = {Polarized Light Reflected and Transmitted by Thick Rayleigh Scattering Atmospheres},
   journal = {The Astrophysical Journal},
   volume = {748},
   number = {1},
   pages = {28},
   ISSN = {0004-637X},
   year = {2012},
   type = {Journal Article}
}

@article{Wang14,
   author = {Wang, Jun and Xu, Xiaoguang and Ding, Shouguo and Zeng, Jing and Spurr, Robert and Liu, Xiong and Chance, Kelly and Mishchenko, Michael},
   title = {A numerical testbed for remote sensing of aerosols, and its demonstration for evaluating retrieval synergy from a geostationary satellite constellation of GEO-CAPE and GOES-R},
   journal = {Journal of Quantitative Spectroscopy and Radiative Transfer},
   volume = {146},
   number = {0},
   pages = {510-528},
   ISSN = {0022-4073},
   url = {http://www.sciencedirect.com/science/article/pii/S0022407314001368},
   year = {2014},
   type = {Journal Article}
}

@article{Garcia89,
   author = {Garcia, R. D. M. and Siewert, C. E.},
   title = {The FN method for radiative transfer models that include polarization effects},
   journal = {Journal of Quantitative Spectroscopy and Radiative Transfer},
   volume = {41},
   number = {2},
   pages = {117-145},
   ISSN = {0022-4073},
   year = {1989},
   type = {Journal Article}
}

@article{Rodgers98,
   author = {Rodgers, Clive D.},
   title = {Information content and optimisation of high spectral resolution remote measurements},
   journal = {Advances in Space Research},
   volume = {21},
   number = {3},
   pages = {361-367},
   ISSN = {0273-1177},
   year = {1998},
   type = {Journal Article}
}

@article{Hasekamp05a,
   author = {Hasekamp, Otto P. and Landgraf, Jochen},
   title = {Retrieval of aerosol properties over the ocean from multispectral single-viewing-angle measurements of intensity and polarization: Retrieval approach, information content, and sensitivity study},
   journal = {J. Geophys. Res.},
   volume = {110},
   number = {D20},
   pages = {D20207},
   ISSN = {0148-0227},
   year = {2005a},
   type = {Journal Article}
}

@article{Hasekamp05b,
   author = {Hasekamp, Otto P. and Landgraf, Jochen},
   title = {Linearization of vector radiative transfer with respect to aerosol properties and its use in satellite remote sensing},
   journal = {J. Geophys. Res.},
   volume = {110},
   number = {D4},
   pages = {D04203},
   ISSN = {0148-0227},
   year = {2005b},
   type = {Journal Article}
}

@article{Hasekamp07,
   author = {Hasekamp, Otto P. and Landgraf, Jochen},
   title = {Retrieval of aerosol properties over land surfaces: capabilities of multiple-viewing-angle intensity and polarization measurements},
   journal = {Applied Optics},
   volume = {46},
   number = {16},
   pages = {3332-3344},
   year = {2007},
   type = {Journal Article}
}

@article{Frankenberg12,
   author = {Frankenberg, C. and Hasekamp, O. and O'Dell, C. and Sanghavi, S. and Butz, A. and Worden, J.},
   title = {Aerosol information content analysis of multi-angle high spectral resolution measurements and its benefit for high accuracy greenhouse gas retrievals},
   journal = {Atmos. Meas. Tech.},
   volume = {5},
   number = {7},
   pages = {1809-1821},
   ISSN = {1867-8548},
   year = {2012},
   type = {Journal Article}
}

@article{Sanghavi12,
   author = {Sanghavi, S. and Martonchik, J. V. and Landgraf, J. and Platt, U.},
   title = {Retrieval of aerosol optical depth and vertical distribution using O2 A- and B-band SCIAMACHY observations over Kanpur: a case study},
   journal = {Atmos. Meas. Tech. },
   volume = {5},
   number = {5},
   pages = {1099-1119},
   ISSN = {1867-8548},
   year = {2012},
   type = {Journal Article}
}

@article{Knobelspiesse12,
   author = {Knobelspiesse, Kirk and Cairns, Brian and Mishchenko, Michael and Chowdhary, Jacek and Tsigaridis, Kostas and van Diedenhoven, Bastiaan and Martin, William and Ottaviani, Matteo and Alexandrov, Mikhail},
   title = {Analysis of fine-mode aerosol retrieval capabilities by different passive remote sensing instrument designs},
   journal = {Optics Express},
   volume = {20},
   number = {19},
   pages = {21457-21484},
   year = {2012},
   type = {Journal Article}
}

@article{Shannon48,
   author = {Shannon, C. E.},
   title = {A Mathematical Theory of Communication},
   journal = {Bell System Technical Journal},
   volume = {27},
   number = {3},
   pages = {379-423},
   ISSN = {1538-7305},
   year = {1948},
   type = {Journal Article}
}

@article{Hess98,
   author = {Hess, M. and Koepke, P. and Schult, I.},
   title = {Optical Properties of Aerosols and Clouds: The Software Package OPAC},
   journal = {Bulletin of the American Meteorological Society},
   volume = {79},
   number = {5},
   pages = {831-844},
   ISSN = {0003-0007},
   year = {1998},
   type = {Journal Article}
}

@book{Hansen98,
   author = {Hansen, P. C.},
   title = {Rank-Deficient and Discrete Ill-Posed Problems: Numerical Aspects of Linear Inversion},
   publisher = {Soc. for Ind. and Appl. Math.},
   address = {Philadelphia, Pa},
   year = {1998},
   type = {Book}
}

@article{Wang10,
   author = {Wang, Jun and Xu, Xiaoguang and Spurr, Robert and Wang, Yuxuang and Drury, Easan},
   title = {Improved algorithm for MODIS satellite retrievals of aerosol optical thickness over land in dusty atmosphere: Implications for air quality monitoring in China},
   journal = {Remote Sensing of Environment},
   volume = {114},
   number = {11},
   pages = {2575-2583},
   ISSN = {0034-4257},
   year = {2010},
   type = {Journal Article}
}

@article{Pope09,
   author = {Pope, C. Arden and Ezzati, Majid and Dockery, Douglas W.},
   title = {Fine-Particulate Air Pollution and Life Expectancy in the United States},
   journal = {New England Journal of Medicine},
   volume = {360},
   number = {4},
   pages = {376-386},
   year = {2009},
   type = {Journal Article}
}

@article{vanderWerf06,
   author = {van der Werf, G. R. and Randerson, J. T. and Giglio, L. and Collatz, G. J. and Kasibhatla, P. S. and Arellano Jr, A. F.},
   title = {Interannual variability in global biomass burning emissions from 1997 to 2004},
   journal = {Atmos. Chem. Phys.},
   volume = {6},
   number = {11},
   pages = {3423-3441},
   ISSN = {1680-7316},
   year = {2006},
   type = {Journal Article}
}

@article{vanderWerf10,
   author = {van der Werf, G. R. and Randerson, J. T. and Giglio, L. and Collatz, G. J. and Mu, M. and Kasibhatla, P. S. and Morton, D. C. and DeFries, R. S. and Jin, Y. and van Leeuwen, T. T.},
   title = {Global fire emissions and the contribution of deforestation, savanna, forest, agricultural, and peat fires (1997-2009)},
   journal = {Atmos. Chem. Phys.},
   volume = {10},
   number = {23},
   pages = {11707-11735},
   ISSN = {1680-7324},
   year = {2010},
   type = {Journal Article}
}

@article{Reid09,
   author = {Reid, J. S. and Hyer, E. J. and Prins, E. M. and Westphal, D. L. and Jianglong, Zhang and Jun, Wang and Christopher, S. A. and Curtis, C. A. and Schmidt, C. C. and Eleuterio, D. P. and Richardson, K. A. and Hoffman, J. P.},
   title = {Global Monitoring and Forecasting of Biomass-Burning Smoke: Description of and Lessons From the Fire Locating and Modeling of Burning Emissions (FLAMBE) Program},
   journal = {Selected Topics in Applied Earth Observations and Remote Sensing, IEEE Journal of},
   volume = {2},
   number = {3},
   pages = {144-162},
   ISSN = {1939-1404},
   year = {2009},
   type = {Journal Article}
}


@article{Bond07,
   author = {Bond, Tami C. and Bhardwaj, Ekta and Dong, Rong and Jogani, Rahil and Jung, Soonkyu and Roden, Christoph and Streets, David G. and Trautmann, Nina M.},
   title = {Historical emissions of black and organic carbon aerosol from energy-related combustion, 1850-2000},
   journal = {Global Biogeochem. Cycles},
   volume = {21},
   number = {2},
   pages = {GB2018},
   ISSN = {0886-6236},
   url = {http://dx.doi.org/10.1029/2006GB002840},
   year = {2007},
   type = {Journal Article}
}

@article{Ohara07,
   author = {Ohara, T. and Akimoto, H. and Kurokawa, J. and Horii, N. and Yamaji, K. and Yan, X. and Hayasaka, T.},
   title = {An Asian emission inventory of anthropogenic emission sources for the period 1980--2020},
   journal = {Atmos. Chem. Phys.},
   volume = {7},
   number = {16},
   pages = {4419-4444},
   ISSN = {1680-7316},
   url = {http://www.atmos-chem-phys.net/7/4419/2007/},
   year = {2007},
   type = {Journal Article}
}

@article{Mijling09,
   author = {Mijling, B. and van der A, R. J. and Boersma, K. F. and Van Roozendael, M. and De Smedt, I. and Kelder, H. M.},
   title = {Reductions of NO2 detected from space during the 2008 Beijing Olympic Games},
   journal = {Geophysical Research Letters},
   volume = {36},
   number = {13},
   pages = {L13801},
   ISSN = {1944-8007},
   url = {http://dx.doi.org/10.1029/2009GL038943},
   year = {2009},
   type = {Journal Article}
}

@book{Rodgers00,
   author = {Rodgers, C. D},
   title = {Inverse Methods for Atmospheric Sounding: Theory and Practice},
   publisher = {World Scientific},
   address = {Singapore},
   year = {2000},
   type = {Book}
}

@article{henze07, 
   author = {Henze, D. K. and Hakami, A. and Seinfeld, J. H.},
   title = {Development of the adjoint of GEOS-Chem},
   journal = {Atmos. Chem. Phys.},
   volume = {7},
   number = {9},
   pages = {2413-2433},
   ISSN = {1680-7316},
   year = {2007},
   type = {Journal Article}
}

@article{henze09,
   author = {Henze, D. K. and Seinfeld, J. H. and Shindell, D. T.},
   title = {Inverse modeling and mapping US air quality influences of inorganic PM2.5 precursor emissions using the adjoint of GEOS-Chem},
   journal = {Atmos. Chem. Phys.},
   volume = {9},
   number = {16},
   pages = {5877-5903},
   ISSN = {1680-7316},
   year = {2009},
   type = {Journal Article}
}

@article{koven08,
   author = {Koven, Charles D. and Fung, Inez},
   title = {Identifying global dust source areas using high-resolution land surface form},
   journal = {J. Geophys. Res.},
   volume = {113},
   number = {D22},
   pages = {D22204},
   ISSN = {0148-0227},
   url = {http://dx.doi.org/10.1029/2008JD010195},
   year = {2008},
   type = {Journal Article}
}

@article{Ginoux01,
   author = {Ginoux, Paul and Chin, Mian and Tegen, Ina and Prospero, Joseph M. and Holben, Brent and Dubovik, Oleg and Lin, Shian-Jiann},
   title = {Sources and distributions of dust aerosols simulated with the GOCART model},
   journal = {J. Geophys. Res.},
   volume = {106},
   number = {D17},
   pages = {20255-20273},
   ISSN = {0148-0227},
   url = {http://dx.doi.org/10.1029/2000JD000053},
   year = {2001},
   type = {Journal Article}
}

@article{Ginoux12,
   author = {Ginoux, Paul and Prospero, Joseph M. and Gill, Thomas E. and Hsu, N. Christina and Zhao, Ming},
   title = {Global-scale attribution of anthropogenic and natural dust sources and their emission rates based on MODIS Deep Blue aerosol products},
   journal = {Reviews of Geophysics},
   volume = {50},
   number = {3},
   pages = {RG3005},
   ISSN = {1944-9208},
   url = {http://dx.doi.org/10.1029/2012RG000388},
   year = {2012},
   type = {Journal Article}
}

@article{Textor06,
   author = {Textor, C. and Schulz, M. and Guibert, S. and Kinne, S. and Balkanski, Y. and Bauer, S. and Berntsen, T. and Berglen, T. and Boucher, O. and Chin, M. and Dentener, F. and Diehl, T. and Easter, R. and Feichter, H. and Fillmore, D. and Ghan, S. and Ginoux, P. and Gong, S. and Grini, A. and Hendricks, J. and Horowitz, L. and Huang, P. and Isaksen, I. and Iversen, I. and Kloster, S. and Koch, D. and Kirkevg, A. and Kristjansson, J. E. and Krol, M. and Lauer, A. and Lamarque, J. F. and Liu, X. and Montanaro, V. and Myhre, G. and Penner, J. and Pitari, G. and Reddy, S. and Seland, and Stier, P. and Takemura, T. and Tie, X.},
   title = {Analysis and quantification of the diversities of aerosol life cycles within AeroCom},
   journal = {Atmos. Chem. Phys.},
   volume = {6},
   number = {7},
   pages = {1777-1813},
   ISSN = {1680-7316},
   year = {2006},
   type = {Journal Article}
}

@article{shao11,
   author = {Shao, Yaping and Wyrwoll, Karl-Heinz and Chappell, Adrian and Huang, Jianping and Lin, Zhaohui and McTainsh, Grant H. and Mikami, Masao and Tanaka, Taichu Y. and Wang, Xulong and Yoon, Soonchang},
   title = {Dust cycle: An emerging core theme in Earth system science},
   journal = {Aeolian Research},
   volume = {2},
   number = {4},
   pages = {181-204},
   ISSN = {1875-9637},
   url = {http://www.sciencedirect.com/science/article/pii/S1875963711000085},
   year = {2011},
   type = {Journal Article}
}

@article{tegen94,
   author = {Tegen, Ina and Fung, Inez},
   title = {Modeling of mineral dust in the atmosphere: Sources, transport, and optical thickness},
   journal = {J. Geophys. Res.},
   volume = {99},
   number = {D11},
   pages = {22897-22914},
   ISSN = {0148-0227},
   url = {http://dx.doi.org/10.1029/94JD01928},
   year = {1994},
   type = {Journal Article}
}

@article{Zender03a,
   author = {Zender, Charles S. and Bian, Huisheng and Newman, David},
   title = {Mineral Dust Entrainment and Deposition (DEAD) model: Description and 1990s dust climatology},
   journal = {J. Geophys. Res.},
   volume = {108},
   number = {D14},
   pages = {4416},
   ISSN = {0148-0227},
   url = {http://dx.doi.org/10.1029/2002JD002775},
   year = {2003a},
   type = {Journal Article}
}

@article{Zender03b,
   author = {Zender, Charles S. and Newman, David and Torres, Omar},
   title = {Spatial heterogeneity in aeolian erodibility: Uniform, topographic, geomorphic, and hydrologic hypotheses},
   journal = {J. Geophys. Res.},
   volume = {108},
   number = {D17},
   pages = {4543},
   ISSN = {0148-0227},
   url = {http://dx.doi.org/10.1029/2002JD003039},
   year = {2003b},
   type = {Journal Article}
}

@article{huneeus11,
   author = {Huneeus, N. and Schulz, M. and Balkanski, Y. and Griesfeller, J. and Prospero, J. and Kinne, S. and Bauer, S. and Boucher, O. and Chin, M. and Dentener, F. and Diehl, T. and Easter, R. and Fillmore, D. and Ghan, S. and Ginoux, P. and Grini, A. and Horowitz, L. and Koch, D. and Krol, M. C. and Landing, W. and Liu, X. and Mahowald, N. and Miller, R. and Morcrette, J. J. and Myhre, G. and Penner, J. and Perlwitz, J. and Stier, P. and Takemura, T. and Zender, C. S.},
   title = {Global dust model intercomparison in AeroCom phase I},
   journal = {Atmos. Chem. Phys.},
   volume = {11},
   number = {15},
   pages = {7781-7816},
   ISSN = {1680-7324},
   url = {http://www.atmos-chem-phys.net/11/7781/2011/
http://www.atmos-chem-phys.net/11/7781/2011/acp-11-7781-2011.pdf},
   year = {2011},
   type = {Journal Article}
}

@article{uno06,
   author = {Uno, I. and Wang, Z. and Chiba, M. and Chun, Y. S. and Gong, S. L. and Hara, Y. and Jung, E. and Lee, S. S. and Liu, M. and Mikami, M. and Music, S. and Nickovic, S. and Satake, S. and Shao, Y. and Song, Z. and Sugimoto, N. and Tanaka, T. and Westphal, D. L.},
   title = {Dust model intercomparison (DMIP) study over Asia: Overview},
   journal = {J. Geophys. Res.},
   volume = {111},
   number = {D12},
   pages = {D12213},
   ISSN = {0148-0227},
   url = {http://dx.doi.org/10.1029/2005JD006575},
   year = {2006},
   type = {Journal Article}
}

@article{kopacz09,
   author = {Kopacz, Monika and Jacob, Daniel J. and Henze, Daven K. and Heald, Colette L. and Streets, David G. and Zhang, Qiang},
   title = {Comparison of adjoint and analytical Bayesian inversion methods for constraining Asian sources of carbon monoxide using satellite (MOPITT) measurements of CO columns},
   journal = {J. Geophys. Res.},
   volume = {114},
   number = {D4},
   pages = {D04305},
   ISSN = {0148-0227},
   url = {http://dx.doi.org/10.1029/2007JD009264},
   year = {2009},
   type = {Journal Article}
}

@article{kopacz10,
   author = {Kopacz, M. and Jacob, D. J. and Fisher, J. A. and Logan, J. A. and Zhang, L. and Megretskaia, I. A. and Yantosca, R. M. and Singh, K. and Henze, D. K. and Burrows, J. P. and Buchwitz, M. and Khlystova, I. and McMillan, W. W. and Gille, J. C. and Edwards, D. P. and Eldering, A. and Thouret, V. and Nedelec, P.},
   title = {Global estimates of CO sources with high resolution by adjoint inversion of multiple satellite datasets (MOPITT, AIRS, SCIAMACHY, TES)},
   journal = {Atmos. Chem. Phys.},
   volume = {10},
   number = {3},
   pages = {855-876},
   ISSN = {1680-7316},
   year = {2010},
   type = {Journal Article}
}

@article{kopacz11,
   author = {Kopacz, M. and Mauzerall, D. L. and Wang, J. and Leibensperger, E. M. and Henze, D. K. and Singh, K.},
   title = {Origin and radiative forcing of black carbon transported to the Himalayas and Tibetan Plateau},
   journal = {Atmos. Chem. Phys.},
   volume = {11},
   number = {6},
   pages = {2837-2852},
   ISSN = {1680-7324},
   year = {2011},
   type = {Journal Article}
}


@article{jiang11,
   author = {Jiang, Zhe and Jones, Dylan B. A. and Kopacz, Monika and Liu, Jane and Henze, Daven K. and Heald, Colette},
   title = {Quantifying the impact of model errors on top-down estimates of carbon monoxide emissions using satellite observations},
   journal = {Journal of Geophysical Research: Atmospheres},
   volume = {116},
   number = {D15},
   pages = {D15306},
   ISSN = {2156-2202},
   url = {http://dx.doi.org/10.1029/2010JD015282},
   year = {2011},
   type = {Journal Article}
}

@article{wecht12,
AUTHOR = {Wecht, K. J. and Jacob, D. J. and Wofsy, S. C. and Kort, E. A. and Worden, J. R. and Kulawik, S. S. and Henze, D. K. and Kopacz, M. and Payne, V. H.},
TITLE = {Validation of TES methane with HIPPO aircraft observations: implications for inverse modeling of methane sources},
JOURNAL = {Atmospheric Chemistry and Physics},
VOLUME = {12},
YEAR = {2012},
NUMBER = {4},
PAGES = {1823--1832},
URL = {http://www.atmos-chem-phys.net/12/1823/2012/}
}

@article{parrington12,
AUTHOR = {Parrington, M. and Palmer, P. I. and Henze, D. K. and Tarasick, D. W. and Hyer, E. J. and Owen, R. C. and Helmig, D. and Clerbaux, C. and Bowman, K. W. and Deeter, M. N. and Barratt, E. M. and Coheur, P.-F. and Hurtmans, D. and Jiang, Z. and George, M. and Worden, J. R.},
TITLE = {The influence of boreal biomass burning emissions on the distribution of tropospheric ozone over North America and the North Atlantic during 2010},
JOURNAL = {Atmospheric Chemistry and Physics},
VOLUME = {12},
YEAR = {2012},
NUMBER = {4},
PAGES = {2077--2098},
URL = {http://www.atmos-chem-phys.net/12/2077/2012/}
}

@article{zoogman11,
title = "Ozone air quality measurement requirements for a geostationary satellite mission ",
journal = "Atmospheric Environment ",
volume = "45",
number = "39",
pages = "7143 - 7150",
year = "2011",
issn = "1352-2310",
url = "http://www.sciencedirect.com/science/article/pii/S1352231011005759",
author = "Peter Zoogman and Daniel J. Jacob and Kelly Chance and Lin Zhang and Philippe Le Sager and Arlene M. Fiore and Annmarie Eldering and Xiong Liu and Vijay Natraj and Susan S. Kulawik"
}

@article{byrd95,
   author = {Byrd, Richard H. and Lu, Peihuang and Nocedal, Jorge and Zhu, Ciyou},
   title = {A limited memory algorithm for bound constrained optimization},
   journal = {SIAM Journal on Scientific Computing},
   volume = {16},
   pages = {1190-1208},
   year = {1995},
   type = {Journal Article}
}

@techreport{zhu94,
   author = {Zhu, Ciyou and Byrd, Richard H. and Lu, Peihuang and Nocedal, Jorge},
   title = {L-BFGS-B: a limited memory FORTRAN code for solving bound constrained op- timization problems},
   institution = {Northwestern University},
   type = {Technique Report},
   year = {1994},
}

@article{burrows09,
AUTHOR = {Burrows, S. M. and Butler, T. and Jockel, P. and Tost, H. and Kerkweg, A. and Poschl, U. and Lawrence, M. G.},
TITLE = {Bacteria in the global atmosphere. Part 2: Modeling of emissions and transport between different ecosystems},
JOURNAL = {Atmospheric Chemistry and Physics},
VOLUME = {9},
YEAR = {2009},
NUMBER = {23},
PAGES = {9281--9297},
URL = {http://www.atmos-chem-phys.net/9/9281/2009/}
}

@article{griffin01,
year={2001},
issn={0393-5965},
journal={Aerobiologia},
volume={17},
number={3},
title={African desert dust in the Caribbean atmosphere: Microbiology and public health},
publisher={Kluwer Academic Publishers},
keywords={African Dust; Caribbean; ecosystem health; microbiology; public health},
author={Griffin, DaleW. and Garrison, VirginiaH. and Herman, JayR. and Shinn, EugeneA.},
pages={203-213}
}

@article{Satheesh05,
   author = {Satheesh, S. K. and Krishna Moorthy, K.},
   title = {Radiative effects of natural aerosols: A review},
   journal = {Atmospheric Environment},
   volume = {39},
   number = {11},
   pages = {2089-2110},
   ISSN = {1352-2310},
   year = {2005},
   type = {Journal Article}
}

@book{IPCC07,
   author = {IPCC},
   title = {Climate Change 2007: The Physical Sciences Basis. Contribution of Working Group I to the Fourth Assessment Report of the Intergovernmental Panel on Climate Change [Solomon, S., D. Qin, M. Manning, Z. Chen, M. Marquis, K.B. Averyt, M. Tignor and H.L. Miller (eds.)]},
   publisher = {Cambridge University Press},
   address = {Cambridge, United Kingdom and New York, NY, USA},
   pages = {996},
   year = {2007},
   type = {Book}
}

@article{Schulz06,
   author = {Schulz, M. and Textor, C. and Kinne, S. and Balkanski, Y. and Bauer, S. and Berntsen, T. and Berglen, T. and Boucher, O. and Dentener, F. and Guibert, S. and Isaksen, I. S. A. and Iversen, T. and Koch, D. and Kirkev√•g, A. and Liu, X. and Montanaro, V. and Myhre, G. and Penner, J. E. and Pitari, G. and Reddy, S. and Seland, √ò and Stier, P. and Takemura, T.},
   title = {Radiative forcing by aerosols as derived from the AeroCom present-day and pre-industrial simulations},
   journal = {Atmos. Chem. Phys.},
   volume = {6},
   number = {12},
   pages = {5225-5246},
   ISSN = {1680-7316},
   year = {2006},
   type = {Journal Article}
}


@inbook{Boucher13,
   author = {Boucher, O. and Randall, D. and Artaxo, P. and Bretherton, C. and Feingold, G. and Forster, P. and Kerminen, V.-M. and Kondo, Y. and Liao, H. and Lohmann, U. and Rasch, P. and Satheesh, S.K. and Sherwood, S. and Stevens, B. and Zhang, X.Y.},
   title = {Clouds and Aerosols. In Climate Change 2013: The Physical Science Basis. Contribution of Working Group I to the Fifth Assessment Report of the Intergovernmental Panel on Climate Change [Stocker T.F., et al. (eds.)]},
   publisher = {Cambridge University Press},
   address = {Cambridge, United Kingdom and New York, NY, USA},
   pages = {571–658},
   ISBN = {ISBN 978-1-107-66182-0},
   url = {www.climatechange2013.org},
   year = {2013},
   type = {Book Section}
}

@inbook{Myhre13,
   author = {Myhre, G. and Shindell, D. and Bréon, F.-M. and Collins, W. and Fuglestvedt, J. and Huang, J. and Koch, D. and Lamarque, J.-F. and Lee, D. and Mendoza, B. and Nakajima, T. and Robock, A. and Stephens, G. and Takemura, T. and Zhang, H.},
   title = {Anthropogenic and Natural Radiative Forcing. In Climate Change 2013: The Physical Science Basis. Contribution of Working Group I to the Fifth Assessment Report of the Intergovernmental Panel on Climate Change [Stocker T.F., et al. (eds.)]},
   publisher = {Cambridge University Press},
   address = {Cambridge, United Kingdom and New York, NY, USA},
   chapter = {8},
   pages = {659–740},
   ISBN = {ISBN 978-1-107-66182-0},
   url = {www.climatechange2013.org},
   year = {2013},
   type = {Book Section}
}

@article{tegen96,
   author = {Tegen, Ina and Lacis, Andrew A. and Fung, Inez},
   title = {The influence on climate forcing of mineral aerosols from disturbed soils},
   journal = {Nature},
   volume = {380},
   number = {6573},
   pages = {419-422},
   url = {http://dx.doi.org/10.1038/380419a0},
   year = {1996},
   type = {Journal Article}
}

@article{tegen04,
   author = {Tegen, I. and Werner, M. and Harrison, S. P. and Kohfeld, K. E.},
   title = {Relative importance of climate and land use in determining present and future global soil dust emission},
   journal = {Geophys. Res. Lett.},
   volume = {31},
   number = {5},
   pages = {L05105},
   ISSN = {0094-8276},
   url = {http://dx.doi.org/10.1029/2003GL019216},
   year = {2004},
   type = {Journal Article}
}

@article{ravi11,
   author = {Ravi, Sujith and D'Odorico, Paolo and Breshears, David D. and Field, Jason P. and Goudie, Andrew S. and Huxman, Travis E. and Li, Junran and Okin, Gregory S. and Swap, Robert J. and Thomas, Andrew D. and Van Pelt, Scott and Whicker, Jeffrey J. and Zobeck, Ted M.},
   title = {AEOLIAN PROCESSES AND THE BIOSPHERE},
   journal = {Reviews of Geophysics},
   volume = {49},
   number = {3},
   pages = {RG3001},
   ISSN = {1944-9208},
   url = {http://dx.doi.org/10.1029/2010RG000328},
   year = {2011},
   type = {Journal Article}
}

@article{kaufman02,
   author = {Kaufman, Yoram J. and Tanre, Didier and Boucher, Olivier},
   title = {A satellite view of aerosols in the climate system},
   journal = {Nature},
   volume = {419},
   pages = {215 - 223},
   url = {http://dx.doi.org/10.1038/nature01091},
   year = {2002},
   type = {Journal Article}
}

@inbook{martonchik09,
   author = {Martonchik, J. V. and Kahn, R. A. and Diner, D. J.},
   title = {Retrieval of aerosol properties over land using MISR observations},
   booktitle = {Satellite Aerosol Remote Sensing Over Land},
   editor = {Kokhanovsky, A.},
   publisher = {Springer},
   address = {Berlin},
   year = {2009},
   type = {Book Section}
}

@article{king99,
   author = {King, Michael D. and Kaufman, Yoram J. and Tanre, Didier and Nakajima, Teruyuki},
   title = {Remote Sensing of Tropospheric Aerosols from Space: Past, Present, and Future},
   journal = {Bulletin of the American Meteorological Society},
   volume = {80},
   number = {11},
   pages = {2229-2259},
   ISSN = {0003-0007},
   url = {http://dx.doi.org/10.1175/1520-0477(1999)080<2229:RSOTAF>2.0.CO;2},
   year = {1999},
   type = {Journal Article}
}

@article{hsu06,
   author = {Hsu, N. C. and Si-Chee, Tsay and King, M. D. and Herman, J. R.},
   title = {Deep Blue Retrievals of Asian Aerosol Properties During ACE-Asia},
   journal = {Geoscience and Remote Sensing, IEEE Transactions on},
   volume = {44},
   number = {11},
   pages = {3180-3195},
   ISSN = {0196-2892},
   year = {2006},
   type = {Journal Article}
}

@article{hsu13,
   author = {Hsu, N. C. and Jeong, M. J. and Bettenhausen, C. and Sayer, A. M. and Hansell, R. and Seftor, C. S. and Huang, J. and Tsay, S. C.},
   title = {Enhanced Deep Blue aerosol retrieval algorithm: The second generation},
   journal = {Journal of Geophysical Research: Atmospheres},
   volume = {118},
   number = {16},
   pages = {9296-9315},
   ISSN = {2169-8996},
   url = {http://dx.doi.org/10.1002/jgrd.50712},
   year = {2013},
   type = {Journal Article}
}

@article{kahn05,
   author = {Kahn, Ralph A. and Gaitley, Barbara J. and Martonchik, John V. and Diner, David J. and Crean, Kathleen A. and Holben, Brent},
   title = {Multiangle Imaging Spectroradiometer (MISR) global aerosol optical depth validation based on 2 years of coincident Aerosol Robotic Network (AERONET) observations},
   journal = {J. Geophys. Res.},
   volume = {110},
   number = {D10},
   pages = {D10S04},
   ISSN = {0148-0227},
   url = {http://dx.doi.org/10.1029/2004JD004706},
   year = {2005},
   type = {Journal Article}
}

@article{Kahn10,
   author = {Kahn, Ralph A. and Gaitley, Barbara J. and Garay, Michael J. and Diner, David J. and Eck, Thomas F. and Smirnov, Alexander and Holben, Brent N.},
   title = {Multiangle Imaging SpectroRadiometer global aerosol product assessment by comparison with the Aerosol Robotic Network},
   journal = {J. Geophys. Res.},
   volume = {115},
   number = {D23},
   pages = {D23209},
   ISSN = {0148-0227},
   url = {http://dx.doi.org/10.1029/2010JD014601},
   year = {2010},
   type = {Journal Article}
}


@inbook{martonchik09,
   author = {Martonchik, J. V. and Kahn, R. A. and Diner, D. J.},
   title = {Retrieval of aerosol properties over land using MISR observations},
   booktitle = {Satellite Aerosol Remote Sensing Over Land},
   editor = {Kokhanovsky, A.},
   publisher = {Springer},
   address = {Berlin},
   year = {2009},
   type = {Book Section}
}

@article{lee09,
   author = {Lee, Chulkyu and Martin, Randall V. and van Donkelaar, Aaron and O'Byrne, Gray and Krotkov, Nickolay and Richter, Andreas and Huey, L. Gregory and Holloway, John S.},
   title = {Retrieval of vertical columns of sulfur dioxide from SCIAMACHY and OMI: Air mass factor algorithm development, validation, and error analysis},
   journal = {J. Geophys. Res.},
   volume = {114},
   number = {D22},
   pages = {D22303},
   ISSN = {0148-0227},
   url = {http://dx.doi.org/10.1029/2009JD012123},
   year = {2009},
   type = {Journal Article}
}

@misc{mep09,
   author = {\mbox{Ministry of Environmental Protection}},
   title = {Report on the state of the environment in China 2008, Beijing, China},
   year = {2009},
   type = {Government Document}
}

@article{Lee11,
   author = {Lee, C. and Martin, R.V. and Donkelaar, A. van and Lee, H. and Dickerson, R.R. and J.C.Hains and Krotkov, N. and Richter, A. and Vinnikov, K. and Schwab, J.J.},
   title = {SO2 emissions and lifetimes: Estimates from inverse modeling using in situ and global, space-based (SCIAMACHY and OMI) observations},
   journal = {J. Geophys. Res.},
   volume = {116},
   pages = {D06304},
   year = {2011},
   type = {Journal Article}
}

@article{Martin03a,
   author = {Martin, Randall V. and Jacob, Daniel J. and Chance, Kelly and Kurosu, Thomas P. and Palmer, Paul I. and Evans, Mathew J.},
   title = {Global inventory of nitrogen oxide emissions constrained by space-based observations of NO2 columns},
   journal = {J. Geophys. Res.},
   volume = {108},
   number = {D17},
   pages = {4537},
   ISSN = {0148-0227},
   year = {2003a},
   type = {Journal Article}
}

@article{Martin03b,
   author = {Martin, Randall V. and Jacob, Daniel J. and Yantosca, Robert M. and Chin, Mian and Ginoux, Paul},
   title = {Global and regional decreases in tropospheric oxidants from photochemical effects of aerosols},
   journal = {J. Geophys. Res.},
   volume = {108},
   number = {D3},
   pages = {4097},
   ISSN = {0148-0227},
   year = {2003},
   type = {Journal Article}
}

@article{Lamsal11,
   author = {Lamsal, L.N. and Martin, R.V. and Padmanabhan, A. and Donkelaar, A. van and Zhang, Q. and Sioris, C.E. and Chance, K. and Kurosu, T.P. and Newchurch, M.J.},
   title = {Application of satellite observations for timely updates to global anthropogenic NOx emission inventories},
   journal = {Geophys. Res. Lett.},
   volume = {38},
   number = {5},
   pages = {L05810},
   ISSN = {0094-8276},
   year = {2011},
   type = {Journal Article}
}

@article{Walker10,
   author = {Walker, T. W. and Martin, R. V. and van Donkelaar, A. and Leaitch, W. R. and MacDonald, A. M. and Anlauf, K. G. and Cohen, R. C. and Bertram, T. H. and Huey, L. G. and Avery, M. A. and Weinheimer, A. J. and Flocke, F. M. and Tarasick, D. W. and Thompson, A. M. and Streets, D. G. and Liu, X.},
   title = {Trans-Pacific transport of reactive nitrogen and ozone to Canada during spring},
   journal = {Atmos. Chem. Phys.},
   volume = {10},
   number = {17},
   pages = {8353-8372},
   ISSN = {1680-7324},
   year = {2010},
   type = {Journal Article}
}


@article{Krotkov06,
   author = {Krotkov, N. A. and Carn, S. A. and Krueger, A. J. and Bhartia, P. K. and Kai, Yang},
   title = {Band residual difference algorithm for retrieval of SO2 from the aura ozone monitoring instrument (OMI)},
   journal = {Geoscience and Remote Sensing, IEEE Transactions on},
   volume = {44},
   number = {5},
   pages = {1259-1266},
   ISSN = {0196-2892},
   year = {2006},
   type = {Journal Article}
}


@article{krotkov08,
   author = {Krotkov, Nickolay A. and McClure, Brittany and Dickerson, Russell R. and Carn, Simon A. and Li, Can and Bhartia, Pawan K. and Yang, Kai and Krueger, Arlin J. and Li, Zhanqing and Levelt, Pieternel F. and Chen, Hongbin and Wang, Pucai and Lu, Daren},
   title = {Validation of SO2 retrievals from the Ozone Monitoring Instrument over NE China},
   journal = {J. Geophys. Res.},
   volume = {113},
   number = {D16},
   pages = {D16S40},
   ISSN = {0148-0227},
   url = {http://dx.doi.org/10.1029/2007JD008818},
   year = {2008},
   type = {Journal Article}
}

@article{Bucsela06,
   author = {Bucsela, E. J. and Celarier, E. A. and Wenig, M. O. and Gleason, J. F. and Veefkind, J. P. and Boersma, K. F. and Brinksma, E. J.},
   title = {Algorithm for NO<sub>2</sub> vertical column retrieval from the ozone monitoring instrument},
   journal = {Geoscience and Remote Sensing, IEEE Transactions on},
   volume = {44},
   number = {5},
   pages = {1245-1258},
   ISSN = {0196-2892},
   year = {2006},
   type = {Journal Article}
}

@article{Celarier08,
   author = {Celarier, E. A. and Brinksma, E. J. and Gleason, J. F. and Veefkind, J. P. and Cede, A. and Herman, J. R. and Ionov, D. and Goutail, F. and Pommereau, J. P. and Lambert, J. C. and van Roozendael, M. and Pinardi, G. and Wittrock, F. and Schˆnhardt, A. and Richter, A. and Ibrahim, O. W. and Wagner, T. and Bojkov, B. and Mount, G. and Spinei, E. and Chen, C. M. and Pongetti, T. J. and Sander, S. P. and Bucsela, E. J. and Wenig, M. O. and Swart, D. P. J. and Volten, H. and Kroon, M. and Levelt, P. F.},
   title = {Validation of Ozone Monitoring Instrument nitrogen dioxide columns},
   journal = {J. Geophys. Res.},
   volume = {113},
   number = {D15},
   pages = {D15S15},
   ISSN = {0148-0227},
   url = {http://dx.doi.org/10.1029/2007JD008908},
   year = {2008},
   type = {Journal Article}
}

@article{Boersma08,
   author = {Boersma, K. Folkert and Jacob, Daniel J. and Eskes, Henk J. and Pinder, Robert W. and Wang, Jun and van der A, Ronald J.},
   title = {Intercomparison of SCIAMACHY and OMI tropospheric NO2 columns: Observing the diurnal evolution of chemistry and emissions from space},
   journal = {Journal of Geophysical Research: Atmospheres},
   volume = {113},
   number = {D16},
   pages = {D16S26},
   ISSN = {2156-2202},
   url = {http://dx.doi.org/10.1029/2007JD008816},
   year = {2008},
   type = {Journal Article}
}

@article{ge10,
   author = {Ge, J. M. and Su, J. and Ackerman, T. P. and Fu, Q. and Huang, J. P. and Shi, J. S.},
   title = {Dust aerosol optical properties retrieval and radiative forcing over northwestern China during the 2008 China-U.S. joint field experiment},
   journal = {J. Geophys. Res.},
   volume = {115},
   pages = {D00K12},
   ISSN = {0148-0227},
   url = {http://dx.doi.org/10.1029/2009JD013263},
   year = {2010},
   type = {Journal Article}
}

@article{carslaw10,
   author = {Carslaw, K. S. and Boucher, O. and Spracklen, D. V. and Mann, G. W. and Rae, J. G. L. and Woodward, S. and Kulmala, M.},
   title = {A review of natural aerosol interactions and feedbacks within the Earth system},
   journal = {Atmos. Chem. Phys.},
   volume = {10},
   number = {4},
   pages = {1701-1737},
   ISSN = {1680-7324},
   url = {http://www.atmos-chem-phys.net/10/1701/2010/},
   year = {2010},
   type = {Journal Article}
}

@article{jickells05,
   author = {Jickells, T. D. and An, Z. S. and Andersen, K. K. and Baker, A. R. and Bergametti, G. and Brooks, N. and Cao, J. J. and Boyd, P. W. and Duce, R. A. and Hunter, K. A. and Kawahata, H. and Kubilay, N. and laRoche, J. and Liss, P. S. and Mahowald, N. and Prospero, J. M. and Ridgwell, A. J. and Tegen, I. and Torres, R.},
   title = {Global Iron Connections Between Desert Dust, Ocean Biogeochemistry, and Climate},
   journal = {Science},
   volume = {308},
   number = {5718},
   pages = {67-71},
   url = {http://www.sciencemag.org/content/308/5718/67.abstract},
   year = {2005},
   type = {Journal Article}
}

@article{toon03,
   author = {Toon, Owen B.},
   title = {Atmospheric science: African dust in Florida clouds},
   journal = {Nature},
   volume = {424},
   number = {6949},
   pages = {623-624},
   ISSN = {0028-0836},
   url = {http://dx.doi.org/10.1038/424623a},
   year = {2003},
   type = {Journal Article}
}

@article{husar01,
   author = {Husar, R. B. and Tratt, D. M. and Schichtel, B. A. and Falke, S. R. and Li, F. and Jaffe, D. and GassÛ, S. and Gill, T. and Laulainen, N. S. and Lu, F. and Reheis, M. C. and Chun, Y. and Westphal, D. and Holben, B. N. and Gueymard, C. and McKendry, I. and Kuring, N. and Feldman, G. C. and McClain, C. and Frouin, R. J. and Merrill, J. and DuBois, D. and Vignola, F. and Murayama, T. and Nickovic, S. and Wilson, W. E. and Sassen, K. and Sugimoto, N. and Malm, W. C.},
   title = {Asian dust events of April 1998},
   journal = {J. Geophys. Res.},
   volume = {106},
   number = {D16},
   pages = {18317-18330},
   ISSN = {0148-0227},
   url = {http://dx.doi.org/10.1029/2000JD900788},
   year = {2001},
   type = {Journal Article}
}

@article{Streets03,
   author = {Streets, D. G. and Bond, T. C. and Carmichael, G. R. and Fernandes, S. D. and Fu, Q. and He, D. and Klimont, Z. and Nelson, S. M. and Tsai, N. Y. and Wang, M. Q. and Woo, J. H. and Yarber, K. F.},
   title = {An inventory of gaseous and primary aerosol emissions in Asia in the year 2000},
   journal = {J. Geophys. Res.},
   volume = {108},
   number = {D21},
   pages = {8809},
   ISSN = {0148-0227},
   url = {http://dx.doi.org/10.1029/2002JD003093},
   year = {2003},
   type = {Journal Article}
}

@article{Streets06,
   author = {Streets, David G. and Zhang, Qiang and Wang, Litao and He, Kebin and Hao, Jiming and Wu, Ye and Tang, Youhua and Carmichael, Gregory R.},
   title = {Revisiting China's CO emissions after the Transport and Chemical Evolution over the Pacific (TRACE-P) mission: Synthesis of inventories, atmospheric modeling, and observations},
   journal = {J. Geophys. Res.},
   volume = {111},
   number = {D14},
   pages = {D14306},
   ISSN = {0148-0227},
   year = {2006},
   type = {Journal Article}
}

@article{Wang06,
   author = {Wang, Jun and Christopher, Sundar A. and Nair, U. S. and Reid, Jeffrey S. and Prins, Elaine M. and Szykman, James and Hand, Jenny L.},
   title = {Mesoscale modeling of Central American smoke transport to the United States: 1. "Top-down" assessment of emission strength and diurnal variation impacts},
   journal = {J. Geophys. Res.},
   volume = {111},
   number = {D5},
   pages = {D05S17},
   ISSN = {0148-0227},
   year = {2006},
   type = {Journal Article}
}

@inbook{Borrego08,
   author = {Borrego, Carlos and Miranda, Ana Isabel and Roy, Biswadev A. and Pouliot, George A. and Mobley, J. David and Pace, Thompson G. and Pierce, Thomas E. and Soja, Amber J. and Szykman, James J. and Al-Saadi, J.},
   title = {Development of Fire Emissions Inventory Using Satellite Data},
   booktitle = {Air Pollution Modeling and Its Application XIX},
   series = {NATO Science for Peace and Security Series C: Environmental Security},
   publisher = {Springer Netherlands},
   address = {Dordrecht},
   pages = {217-225},
   keywords = {Environment},
   ISBN = {978-1-4020-8453-9},
   year = {2008},
   type = {Book Section}
}

@article{Fairlie07,
   author = {Fairlie, Duncan T. and Jacob, Daniel J. and Park, Rokjin J.},
   title = {The impact of transpacific transport of mineral dust in the United States},
   journal = {Atmospheric Environment},
   volume = {41},
   number = {6},
   pages = {1251-1266},
   ISSN = {1352-2310},
   url = {http://www.sciencedirect.com/science/article/B6VH3-4MG1PC5-2/2/cc5ba4ad0d13fea354b071f1bc0b40e3},
   year = {2007},
   type = {Journal Article}
}

@article{Zhang09a,
   author = {Zhang, Lin and Jacob, Daniel J. and Kopacz, Monika and Henze, Daven K. and Singh, Kumaresh and Jaffe, Daniel A.},
   title = {Intercontinental source attribution of ozone pollution at western U.S. sites using an adjoint method},
   journal = {Geophys. Res. Lett.},
   volume = {36},
   number = {11},
   pages = {L11810},
   ISSN = {0094-8276},
   url = {http://dx.doi.org/10.1029/2009GL037950},
   year = {2009a},
   type = {Journal Article}
}

@article{Zhang09b,
   author = {Zhang, Q. and Streets, D. G. and Carmichael, G. R. and He, K. B. and Huo, H. and Kannari, A. and Klimont, Z. and Park, I. S. and Reddy, S. and Fu, J. S. and Chen, D. and Duan, L. and Lei, Y. and Wang, L. T. and Yao, Z. L.},
   title = {Asian emissions in 2006 for the NASA INTEX-B mission},
   journal = {Atmos. Chem. Phys.},
   volume = {9},
   number = {14},
   pages = {5131-5153},
   ISSN = {1680-7316},
   url = {http://www.atmos-chem-phys.net/9/5131/2009/},
   year = {2009b},
   type = {Journal Article}
}

@article{zhao13,
   author = {Zhao, Y. and Zhang, J. and Nielsen, C. P.},
   title = {The effects of recent control policies on trends in emissions of anthropogenic atmospheric pollutants and CO2 in China},
   journal = {Atmos. Chem. Phys.},
   volume = {13},
   number = {2},
   pages = {487-508},
   ISSN = {1680-7324},
   url = {http://www.atmos-chem-phys.net/13/487/2013/
http://www.atmos-chem-phys.net/13/487/2013/acp-13-487-2013.pdf},
   year = {2013},
   type = {Journal Article}
}

@article{lu10,
   author = {Lu, Z. and Streets, D. G. and Zhang, Q. and Wang, S. and Carmichael, G. R. and Cheng, Y. F. and Wei, C. and Chin, M. and Diehl, T. and Tan, Q.},
   title = {Sulfur dioxide emissions in China and sulfur trends in East Asia since 2000},
   journal = {Atmos. Chem. Phys.},
   volume = {10},
   number = {13},
   pages = {6311-6331},
   ISSN = {1680-7324},
   url = {http://www.atmos-chem-phys.net/10/6311/2010/},
   year = {2010},
   type = {Journal Article}
}

@article{lu11,
   author = {Lu, Z. and Zhang, Q. and Streets, D. G.},
   title = {Sulfur dioxide and primary carbonaceous aerosol emissions in China and India, 1996-2010},
   journal = {Atmos. Chem. Phys.},
   volume = {11},
   number = {18},
   pages = {9839-9864},
   ISSN = {1680-7324},
   url = {http://www.atmos-chem-phys.net/11/9839/2011/},
   year = {2011},
   type = {Journal Article}
}

@article{Lin10,
   author = {Lin, J. T. and McElroy, M. B. and Boersma, K. F.},
   title = {Constraint of anthropogenic NOx emissions in China from different sectors: a new methodology using multiple satellite retrievals},
   journal = {Atmos. Chem. Phys.},
   volume = {10},
   number = {1},
   pages = {63-78},
   ISSN = {1680-7316},
   url = {http://www.atmos-chem-phys.net/10/63/2010/},
   year = {2010},
   type = {Journal Article}
}

@article{huang12,
   author = {Huang, Xin and Song, Yu and Li, Mengmeng and Li, Jianfeng and Huo, Qing and Cai, Xuhui and Zhu, Tong and Hu, Min and Zhang, Hongsheng},
   title = {A high-resolution ammonia emission inventory in China},
   journal = {Global Biogeochem. Cycles},
   volume = {26},
   number = {1},
   pages = {GB1030},
   ISSN = {0886-6236},
   url = {http://dx.doi.org/10.1029/2011GB004161},
   year = {2012},
   type = {Journal Article}
}

@article{ku11,
   author = {Ku, Bonyang and Park, Rokjin J.},
   title = {Inverse modeling analysis of soil dust sources over East Asia},
   journal = {Atmospheric Environment},
   volume = {45},
   number = {32},
   pages = {5903-5912},
   ISSN = {1352-2310},
   year = {2011},
   type = {Journal Article}
}

@article{qin12,
   author = {Qin, Y. and Xie, S. D.},
   title = {Spatial and temporal variation of anthropogenic black carbon emissions in China for the period 1980--2009},
   journal = {Atmos. Chem. Phys.},
   volume = {12},
   number = {11},
   pages = {4825-4841},
   ISSN = {1680-7324},
   url = {http://www.atmos-chem-phys.net/12/4825/2012/},
   year = {2012},
   type = {Journal Article}
}

@article{Huang10,
   author = {Huang, Zhongwei and Huang, Jianping and Bi, Jianrong and Wang, Guoyin and Wang, Wencai and Fu, Qiang and Li, Zhanqing and Tsay, Si-Chee and Shi, Jinsen},
   title = {Dust aerosol vertical structure measurements using three MPL lidars during 2008 China-U.S. joint dust field experiment},
   journal = {J. Geophys. Res.},
   volume = {115},
   pages = {D00K15},
   ISSN = {0148-0227},
   url = {http://dx.doi.org/10.1029/2009JD013273},
   year = {2010},
   type = {Journal Article}
}

@article{Wang07,
   author = {Wang, Jun and Martin, Scot T.},
   title = {Satellite characterization of urban aerosols: Importance of including hygroscopicity and mixing state in the retrieval algorithms},
   journal = {Journal of Geophysical Research: Atmospheres},
   volume = {112},
   number = {D17},
   pages = {D17203},
   ISSN = {2156-2202},
   year = {2007},
   type = {Journal Article}
}

@article{Wang12,
   author = {Wang, Jun and Xu, Xiaoguang and Henze, Daven K. and Zeng, Jing and Ji, Qiang and Tsay, Si-Chee and Huang, Jianping},
   title = {Top-down estimate of dust emissions through integration of MODIS and MISR aerosol retrievals with the GEOS-Chem adjoint model},
   journal = {Geophys. Res. Lett.},
   volume = {39},
   number = {8},
   pages = {L08802},
   ISSN = {0094-8276},
   url = {http://dx.doi.org/10.1029/2012GL051136},
   year = {2012},
   type = {Journal Article}
}

@article{Xu13,
   author = {Xu, Xiaoguang and Wang, Jun and Henze, Daven K. and Qu, Wenjun and Kopacz, Monika},
   title = {Constraints on aerosol sources using GEOS-Chem adjoint and MODIS radiances, and evaluation with multisensor (OMI, MISR) data},
   journal = {Journal of Geophysical Research: Atmospheres},
   volume = {118},
   number = {12},
   pages = {6396-6413},
   ISSN = {2169897X},
   year = {2013},
   type = {Journal Article}
}

@article{spurr06,
   author = {Spurr, R.},
   title = {VLIDORT: A linearized pseudo-spherical vector discrete ordinate radiative transfer code for forward model and retrieval studies in multilayer multiple scattering media},
   journal = {Journal of Quantitative Spectroscopy and Radiative Transfer},
   volume = {102},
   pages = {316-342},
   year = {2006},
   type = {Journal Article}
}

@article{heald05,
   author = {Heald, Colette L. and Jacob, Daniel J. and Park, Rokjin J. and Russell, Lynn M. and Huebert, Barry J. and Seinfeld, John H. and Liao, Hong and Weber, Rodney J.},
   title = {A large organic aerosol source in the free troposphere missing from current models},
   journal = {Geophysical Research Letters},
   volume = {32},
   number = {18},
   pages = {L18809},
   ISSN = {1944-8007},
   url = {http://dx.doi.org/10.1029/2005GL023831},
   year = {2005},
   type = {Journal Article}
}

@article{fu12,
   author = {Fu, T. M. and Cao, J. J. and Zhang, X. Y. and Lee, S. C. and Zhang, Q. and Han, Y. M. and Qu, W. J. and Han, Z. and Zhang, R. and Wang, Y. X. and Chen, D. and Henze, D. K.},
   title = {Carbonaceous aerosols in China: top-down constraints on primary sources and estimation of secondary contribution},
   journal = {Atmos. Chem. Phys.},
   volume = {12},
   number = {5},
   pages = {2725-2746},
   ISSN = {1680-7324},
   url = {http://www.atmos-chem-phys.net/12/2725/2012/},
   year = {2012},
   type = {Journal Article}
}

@article{Taylor01,
   author = {Taylor, Karl E.},
   title = {Summarizing multiple aspects of model performance in a single diagram},
   journal = {J. Geophys. Res.},
   volume = {106},
   number = {D7},
   pages = {7183-7192},
   ISSN = {0148-0227},
   url = {http://dx.doi.org/10.1029/2000JD900719},
   year = {2001},
   type = {Journal Article}
}

@misc{Sinyuk08,
   author = {Sinyuk, A. and Dubovik, O. and Holben, B. and Schafer, J. and Giles, D. and Eck, T. and Slutsker, I. and Sorokine, M. and Smirnov, A. and Bréon, F. and Khan, R.},
   title = {Multi-sensor aerosol retrievals using joint inversion of AERONET and satellite observations: concept and applications.},
   year = {2008},
   type = {Conference Paper}
}

@article{Liu05,
   author = {Liu, Y. and Sarnat, J. A. and Kilaru, V. and Jacob, D. J. and Koutrakis, P.},
   title = {Estimating ground-level PM2.5 in the eastern United States using satellite remote sensing},
   journal = {Environmental Science and Technology},
   volume = {39},
   number = {9},
   pages = {3269-3278},
   year = {2005},
   type = {Journal Article}
}

@article{Muller05,
   author = {Muller, J. F. and Stavrakou, T.},
   title = {Inversion of CO and NOx emissions using the adjoint of the IMAGES model},
   journal = {Atmos. Chem. Phys.},
   volume = {5},
   number = {5},
   pages = {1157-1186},
   ISSN = {1680-7316},
   year = {2005},
   type = {Journal Article}
}

@article{Heald04,
   author = {Heald, Colette L. and Jacob, Daniel J. and Jones, Dylan B. A. and Palmer, Paul I. and Logan, Jennifer A. and Streets, D. G. and Sachse, Glen W. and Gille, John C. and Hoffman, Ross N. and Nehrkorn, Thomas},
   title = {Comparative inverse analysis of satellite (MOPITT) and aircraft (TRACE-P) observations to estimate Asian sources of carbon monoxide},
   journal = {J. Geophys. Res.},
   volume = {109},
   number = {D23},
   pages = {D23306},
   ISSN = {0148-0227},
   year = {2004},
   type = {Journal Article}
}

@article{Stavrakou06,
   author = {Stavrakou, T. and M¸ller, J. F.},
   title = {Grid-based versus big region approach for inverting CO emissions using Measurement of Pollution in the Troposphere (MOPITT) data},
   journal = {J. Geophys. Res.},
   volume = {111},
   number = {D15},
   pages = {D15304},
   ISSN = {0148-0227},
   year = {2006},
   type = {Journal Article}
}

@article{Nassar11,
   author = {Nassar, R. and Jones, D. B. A. and Kulawik, S. S. and Worden, J. R. and Bowman, K. W. and Andres, R. J. and Suntharalingam, P. and Chen, J. M. and Brenninkmeijer, C. A. M. and Schuck, T. J. and Conway, T. J. and Worthy, D. E.},
   title = {Inverse modeling of CO2 sources and sinks using satellite observations of CO2 from TES and surface flask measurements},
   journal = {Atmos. Chem. Phys.},
   volume = {11},
   number = {2},
   pages = {6029-6047},
   ISSN = {1680-7375},
   year = {2011},
   type = {Journal Article}
}

@article{Wang04,
   author = {Wang, Jun and Xia, Xiangao and Wang, Pucai and Christopher, Sundar A.},
   title = {Diurnal variability of dust aerosol optical thickness and Angstrˆm exponent over dust source regions in China},
   journal = {Geophys. Res. Lett.},
   volume = {31},
   number = {8},
   pages = {L08107},
   ISSN = {0094-8276},
   year = {2004},
   type = {Journal Article}
}

@article{Zhang08,
   author = {Zhang, Jianglong and Reid, Jeffrey S. and Westphal, Douglas L. and Baker, Nancy L. and Hyer, Edward J.},
   title = {A system for operational aerosol optical depth data assimilation over global oceans},
   journal = {J. Geophys. Res.},
   volume = {113},
   number = {D10},
   pages = {D10208},
   ISSN = {0148-0227},
   year = {2008},
   type = {Journal Article}
}

@article{Benedetti09,
   author = {Benedetti, A. and Morcrette, J. J. and Boucher, O. and Dethof, A. and Engelen, R. J. and Fisher, M. and Flentje, H. and Huneeus, N. and Jones, L. and Kaiser, J. W. and Kinne, S. and Mangold, A. and Razinger, M. and Simmons, A. J. and Suttie, M.},
   title = {Aerosol analysis and forecast in the European Centre for Medium-Range Weather Forecasts Integrated Forecast System: 2. Data assimilation},
   journal = {J. Geophys. Res.},
   volume = {114},
   number = {D13},
   pages = {D13205},
   ISSN = {0148-0227},
   year = {2009},
   type = {Journal Article}
}

@article{vanDonkelaar08,
   author = {van Donkelaar, A. and Martin, R. V. and Leaitch, W. R. and Macdonald, A. M. and Walker, T. W. and Streets, D. G. and Zhang, Q. and Dunlea, E. J. and Jimenez, J. L. and Dibb, J. E. and Huey, L. G. and Weber, R. and Andreae, M. O.},
   title = {Analysis of aircraft and satellite measurements from the Intercontinental Chemical Transport Experiment (INTEX-B) to quantify long-range transport of East Asian sulfur to Canada},
   journal = {Atmos. Chem. Phys.},
   volume = {8},
   number = {11},
   pages = {2999-3014},
   ISSN = {1680-7324},
   year = {2008},
   type = {Journal Article}
}

@article{Weaver07,
   author = {Weaver, Clark and da Silva, Arlindo and Chin, Mian and Ginoux, Paul and Dubovik, Oleg and Flittner, Dave and Zia, Aahmad and Remer, Lorraine and Holben, Brent and Gregg, Watson},
   title = {Direct Insertion of MODIS Radiances in a Global Aerosol Transport Model},
   journal = {Journal of the Atmospheric Sciences},
   volume = {64},
   number = {3},
   pages = {808-827},
   year = {2007},
   type = {Journal Article}
}

@article{Drury08,
   author = {Drury, Easan and Jacob, Daniel J. and Wang, Jun and Spurr, Robert J. D. and Chance, Kelly},
   title = {Improved algorithm for MODIS satellite retrievals of aerosol optical depths over western North America},
   journal = {J. Geophys. Res.},
   volume = {113},
   number = {D16},
   pages = {D16204},
   ISSN = {0148-0227},
   year = {2008},
   type = {Journal Article}
}

@article{Wesely89,
   author = {Wesely, M.},
   title = {Parameterization of surface resistances to gaseous dry deposition in regional-scale numerical models},
   journal = {Atmospheric Environment},
   volume = {23},
   number = {6},
   pages = {1293-1304},
   year = {1989},
   type = {Journal Article}
}

@article{Park04,
   author = {Park, Rokjin J. and Jacob, Daniel J. and Field, Brendan D. and Yantosca, Robert M. and Chin, Mian},
   title = {Natural and transboundary pollution influences on sulfate-nitrate-ammonium aerosols in the United States: Implications for policy},
   journal = {J. Geophys. Res.},
   volume = {109},
   number = {D15},
   pages = {D15204},
   ISSN = {0148-0227},
   year = {2004},
   type = {Journal Article}
}

@article{Bey01,
   author = {Bey, Isabelle and Jacob, Daniel J. and Yantosca, Robert M. and Logan, Jennifer A. and Field, Brendan D. and Fiore, Arlene M. and Li, Qinbin and Liu, Honguy Y. and Mickley, Loretta J. and Schultz, Martin G.},
   title = {Global modeling of tropospheric chemistry with assimilated meteorology: Model description and evaluation},
   journal = {J. Geophys. Res.},
   volume = {106},
   number = {D19},
   pages = {23073-23095},
   ISSN = {0148-0227},
   year = {2001},
   type = {Journal Article}
}

@article{Xu15a,
   author = {Xu, Xiaoguang and Wang, Jun},
   title = {Retrieval of aerosol microphysical properties from AERONET photo-polarimetric measurements: 1. Information content analysis},
   journal = {Submitted to J. Geophys. Res.},
   year = {2015},
   type = {Journal Article}
}

@article{Xu15b,
   author = {Xu, Xiaoguang and Wang, Jun and Zeng, J. and Spurr, R. and Liu, X. and Dubovik, O. and Li, L. and Li, Z. and Mishchenko, M. and Siniuk, A. and Holben, B.},
   title = {Retrieval of aerosol microphysical properties from AERONET photo-polarimetric measurements. 2: A new research algorithm and case demonstration},
   journal = {Submitted to J. Geophys. Res.},
   year = {2015},
   type = {Journal Article}
}

